
<marc:record><marc:leader>00678cam a22001813  4500</marc:leader>
<marc:controlfield tag="001">000005407</marc:controlfield>
<marc:controlfield tag="003">Uk</marc:controlfield><marc:controlfield tag="005">20110119132200.0</marc:controlfield><marc:controlfield tag="008">870813|1884|||||||    ||     ||| |||||  </marc:controlfield><marc:datafield tag="040" ind1=" " ind2=" "><marc:subfield code="a">Uk</marc:subfield><marc:subfield code="c">Uk</marc:subfield></marc:datafield><marc:datafield tag="100" ind1="1" ind2=" "><marc:subfield code="a">A'BECKETT, Gilbert Abbott.</marc:subfield></marc:datafield><marc:datafield tag="245" ind1="1" ind2="0"><marc:subfield code="a">Pascal Bruno, the Brigand Chief, etc. (The main incidents founded on Alexandre Dumas' novel.).</marc:subfield></marc:datafield><marc:datafield tag="260" ind1=" " ind2=" "><marc:subfield code="a">London,</marc:subfield><marc:subfield code="c">[1884.]</marc:subfield></marc:datafield><marc:datafield tag="300" ind1=" " ind2=" "><marc:subfield code="a">10 p. ;</marc:subfield><marc:subfield code="c">8º.</marc:subfield></marc:datafield><marc:datafield tag="490" ind1="0" ind2=" "><marc:subfield code="a">[Dicks' Standard Plays. no. 559.]</marc:subfield></marc:datafield><marc:datafield tag="700" ind1="1" ind2=" "><marc:subfield code="a">Dumas, Alexandre,</marc:subfield><marc:subfield code="d">1802-1870.</marc:subfield><marc:subfield code="t">Single Works. Pascal Bruno.</marc:subfield></marc:datafield><marc:datafield tag="852" ind1="4" ind2="1"><marc:subfield code="a">British Library</marc:subfield><marc:subfield code="b">HMNTS</marc:subfield><marc:subfield code="j">11770.bbb.4.</marc:subfield></marc:datafield><marc:datafield tag="886" ind1="2" ind2=" "><marc:subfield code="2">blmarc</marc:subfield><marc:subfield code="a">709</marc:subfield><marc:subfield code="b">00</marc:subfield><marc:subfield code="a">DUMAS</marc:subfield><marc:subfield code="h">Alexandre</marc:subfield><marc:subfield code="f">the Elder</marc:subfield><marc:subfield code="t">Single Works</marc:subfield><marc:subfield code="t">Pascal Bruno</marc:subfield><marc:subfield code="p">11770.bbb.4.</marc:subfield><marc:subfield code="x">0884970175</marc:subfield></marc:datafield></marc:record>