
<marc:record><marc:leader>00868cam a22002173  4500</marc:leader>
<marc:controlfield tag="001">000005432</marc:controlfield>
<marc:controlfield tag="003">Uk</marc:controlfield><marc:controlfield tag="005">20070620111408.0</marc:controlfield><marc:controlfield tag="008">870813|1893|||||||    ||     ||| |||||  </marc:controlfield><marc:datafield tag="040" ind1=" " ind2=" "><marc:subfield code="a">Uk</marc:subfield><marc:subfield code="c">Uk</marc:subfield></marc:datafield><marc:datafield tag="100" ind1="1" ind2=" "><marc:subfield code="a">A'BECKETT, Gilbert Arthur,</marc:subfield><marc:subfield code="c">and RUDALL (H. A.)</marc:subfield></marc:datafield><marc:datafield tag="245" ind1="1" ind2="0"><marc:subfield code="a">Signa: opera in tre atti [founded on the novel entitled: “Signa” by Ouida] ... Traduzione ritmica di G. Mazzucato.</marc:subfield></marc:datafield><marc:datafield tag="260" ind1=" " ind2=" "><marc:subfield code="a">Milano,</marc:subfield><marc:subfield code="c">1893.</marc:subfield></marc:datafield><marc:datafield tag="300" ind1=" " ind2=" "><marc:subfield code="a">54 p. ;</marc:subfield><marc:subfield code="c">8º.</marc:subfield></marc:datafield><marc:datafield tag="700" ind1="1" ind2=" "><marc:subfield code="a">MAZZUCATO, Giovanni Andrea.</marc:subfield></marc:datafield><marc:datafield tag="700" ind1="1" ind2=" "><marc:subfield code="a">RUDALL, H. A.</marc:subfield></marc:datafield><marc:datafield tag="700" ind1="0" ind2=" "><marc:subfield code="a">Ouida,</marc:subfield><marc:subfield code="d">1839-1908.</marc:subfield></marc:datafield><marc:datafield tag="852" ind1="4" ind2="1"><marc:subfield code="a">British Library</marc:subfield><marc:subfield code="b">HMNTS</marc:subfield><marc:subfield code="j">11779.g.8.(10.)</marc:subfield></marc:datafield><marc:datafield tag="886" ind1="2" ind2=" "><marc:subfield code="2">blmarc</marc:subfield><marc:subfield code="a">709</marc:subfield><marc:subfield code="b">00</marc:subfield><marc:subfield code="a">MAZZUCATO</marc:subfield><marc:subfield code="h">Giovanni Andrea</marc:subfield><marc:subfield code="p">11779.g.8.(10.)</marc:subfield><marc:subfield code="x">2163920089</marc:subfield></marc:datafield><marc:datafield tag="886" ind1="2" ind2=" "><marc:subfield code="2">blmarc</marc:subfield><marc:subfield code="a">709</marc:subfield><marc:subfield code="b">00</marc:subfield><marc:subfield code="a">OUIDA, pseud. [i.e. Marie Louise de la Ramée.]</marc:subfield><marc:subfield code="p">11779.g.8.(10.)</marc:subfield><marc:subfield code="x">2440150266</marc:subfield></marc:datafield><marc:datafield tag="886" ind1="2" ind2=" "><marc:subfield code="2">blmarc</marc:subfield><marc:subfield code="a">709</marc:subfield><marc:subfield code="b">00</marc:subfield><marc:subfield code="a">RUDALL</marc:subfield><marc:subfield code="h">H. A.</marc:subfield><marc:subfield code="p">11779.g.8.(10.)</marc:subfield><marc:subfield code="x">2833910096</marc:subfield></marc:datafield></marc:record>