
<marc:record><marc:leader>00791cam a22001693  4500</marc:leader>
<marc:controlfield tag="001">000005433</marc:controlfield>
<marc:controlfield tag="003">Uk</marc:controlfield><marc:controlfield tag="005">20120120152500.0</marc:controlfield><marc:controlfield tag="008">870813|1854|||||||    ||     ||| |||||  </marc:controlfield><marc:datafield tag="040" ind1=" " ind2=" "><marc:subfield code="a">Uk</marc:subfield><marc:subfield code="c">Uk</marc:subfield></marc:datafield><marc:datafield tag="100" ind1="1" ind2=" "><marc:subfield code="a">A'BECKETT, Thomas Turner.</marc:subfield></marc:datafield><marc:datafield tag="245" ind1="1" ind2="2"><marc:subfield code="a">A Comparative View of Court Fees and Attorneys' Charges, under the late and present rules of the Supreme Court of the Colony of Victoria [by T. T. A'Beckett and others], in reply to the letter of the Acting Chief Justice, to the Colonial Secretary, in reference thereto, etc.</marc:subfield></marc:datafield><marc:datafield tag="260" ind1=" " ind2=" "><marc:subfield code="a">Melbourne :</marc:subfield><marc:subfield code="b">Herald General Printing Office,</marc:subfield><marc:subfield code="c">[1854]</marc:subfield></marc:datafield><marc:datafield tag="300" ind1=" " ind2=" "><marc:subfield code="a">32 p. ;</marc:subfield><marc:subfield code="c">8º.</marc:subfield></marc:datafield><marc:datafield tag="700" ind1="1" ind2=" "><marc:subfield code="a">Barry, Redmond,</marc:subfield><marc:subfield code="c">Sir,</marc:subfield><marc:subfield code="d">1813-1880.</marc:subfield></marc:datafield><marc:datafield tag="852" ind1="4" ind2="1"><marc:subfield code="a">British Library</marc:subfield><marc:subfield code="b">HMNTS</marc:subfield><marc:subfield code="j">D-6605.b.22.</marc:subfield></marc:datafield><marc:datafield tag="886" ind1="2" ind2=" "><marc:subfield code="2">blmarc</marc:subfield><marc:subfield code="a">709</marc:subfield><marc:subfield code="b">00</marc:subfield><marc:subfield code="a">BARRY</marc:subfield><marc:subfield code="e">Sir</marc:subfield><marc:subfield code="h">Redmond</marc:subfield><marc:subfield code="f">K.C.M.G.</marc:subfield><marc:subfield code="p">6605.b.22.</marc:subfield><marc:subfield code="x">0200780263</marc:subfield></marc:datafield></marc:record>