
<marc:record><marc:leader>00777cam a22001573  4500</marc:leader>
<marc:controlfield tag="001">000005487</marc:controlfield>
<marc:controlfield tag="003">Uk</marc:controlfield><marc:controlfield tag="005">20110119132200.0</marc:controlfield><marc:controlfield tag="008">870813|1867|||||||    ||     ||| |||||  </marc:controlfield><marc:datafield tag="040" ind1=" " ind2=" "><marc:subfield code="a">Uk</marc:subfield><marc:subfield code="c">Uk</marc:subfield></marc:datafield><marc:datafield tag="100" ind1="1" ind2=" "><marc:subfield code="a">Abegg, Julius Friedrich Heinrich,</marc:subfield><marc:subfield code="d">1796-1868</marc:subfield></marc:datafield><marc:datafield tag="245" ind1="1" ind2="0"><marc:subfield code="a">Die Idee der Gerechtigkeit und die strafrechtlichen Grundsätze in Dante's Göttlicher Comödie.</marc:subfield></marc:datafield><marc:datafield tag="580" ind1=" " ind2=" "><marc:subfield code="a">In: Jahrbuch der Deutschen Dante-Gesellschaft. Bd. 1. pp. 177-257. 1867. 8º.</marc:subfield></marc:datafield><marc:datafield tag="700" ind1="0" ind2=" "><marc:subfield code="a">Dante Alighieri,</marc:subfield><marc:subfield code="d">1265-1321</marc:subfield><marc:subfield code="t">Single Works. Divina Commedia. General Appendix to the Divina Commedia. Miscellaneous</marc:subfield></marc:datafield><marc:datafield tag="852" ind1="4" ind2="1"><marc:subfield code="a">British Library</marc:subfield><marc:subfield code="b">HMNTS</marc:subfield><marc:subfield code="j">Ac.8957.</marc:subfield></marc:datafield><marc:datafield tag="886" ind1="2" ind2=" "><marc:subfield code="2">blmarc</marc:subfield><marc:subfield code="a">709</marc:subfield><marc:subfield code="b">00</marc:subfield><marc:subfield code="a">DANTE ALIGHIERI</marc:subfield><marc:subfield code="t">Single Works</marc:subfield><marc:subfield code="t">Divina Commedia</marc:subfield><marc:subfield code="t">General Appendix to the Divina Commedia</marc:subfield><marc:subfield code="t">Miscellaneous</marc:subfield><marc:subfield code="p">Ac.8957.</marc:subfield><marc:subfield code="x">0764060104</marc:subfield></marc:datafield></marc:record>