
<marc:record><marc:leader>00601cam a22001693  4500</marc:leader>
<marc:controlfield tag="001">000005550</marc:controlfield>
<marc:controlfield tag="003">Uk</marc:controlfield><marc:controlfield tag="005">20110224145400.0</marc:controlfield><marc:controlfield tag="008">870813|1845|||||||    ||     ||| |||||  </marc:controlfield><marc:datafield tag="040" ind1=" " ind2=" "><marc:subfield code="a">Uk</marc:subfield><marc:subfield code="c">Uk</marc:subfield></marc:datafield><marc:datafield tag="100" ind1="1" ind2=" "><marc:subfield code="a">ABEKEN, Bernhard Rudolph.</marc:subfield></marc:datafield><marc:datafield tag="245" ind1="1" ind2="0"><marc:subfield code="a">Ein Stück aus Goethe's Leben, zum Verständniss einzelner Werke desselben.</marc:subfield></marc:datafield><marc:datafield tag="260" ind1=" " ind2=" "><marc:subfield code="a">Berlin,</marc:subfield><marc:subfield code="c">1845.</marc:subfield></marc:datafield><marc:datafield tag="300" ind1=" " ind2=" "><marc:subfield code="a">105 p. ;</marc:subfield><marc:subfield code="c">8º.</marc:subfield></marc:datafield><marc:datafield tag="700" ind1="1" ind2=" "><marc:subfield code="a">Goethe, Johann Wolfgang von,</marc:subfield><marc:subfield code="d">1749-1832</marc:subfield><marc:subfield code="t">Appendix. Biography.</marc:subfield></marc:datafield><marc:datafield tag="852" ind1="4" ind2="1"><marc:subfield code="a">British Library</marc:subfield><marc:subfield code="b">HMNTS</marc:subfield><marc:subfield code="j">1451.b.60.</marc:subfield></marc:datafield><marc:datafield tag="886" ind1="2" ind2=" "><marc:subfield code="2">blmarc</marc:subfield><marc:subfield code="a">709</marc:subfield><marc:subfield code="b">00</marc:subfield><marc:subfield code="a">GOETHE</marc:subfield><marc:subfield code="h">Johann Wolfgang von</marc:subfield><marc:subfield code="t">Appendix</marc:subfield><marc:subfield code="t">Biography</marc:subfield><marc:subfield code="p">1451.b.60.</marc:subfield><marc:subfield code="x">1271770180</marc:subfield></marc:datafield></marc:record>