
<marc:record><marc:leader>00905cam a22001693  4500</marc:leader>
<marc:controlfield tag="001">000005556</marc:controlfield>
<marc:controlfield tag="003">Uk</marc:controlfield><marc:controlfield tag="005">20111222151700.0</marc:controlfield><marc:controlfield tag="008">961126|1842|||||||    ||     ||| |||||  </marc:controlfield><marc:datafield tag="040" ind1=" " ind2=" "><marc:subfield code="a">Uk</marc:subfield><marc:subfield code="c">Uk</marc:subfield></marc:datafield><marc:datafield tag="100" ind1="1" ind2=" "><marc:subfield code="a">ABEKEN, Heinrich.</marc:subfield></marc:datafield><marc:datafield tag="245" ind1="1" ind2="2"><marc:subfield code="a">A Letter to the Rev. E. B. Pusey, D.D., in reference to certain charges against the German Church, contained in his letter to ... the Archbishop of Canterbury.</marc:subfield></marc:datafield><marc:datafield tag="260" ind1=" " ind2=" "><marc:subfield code="a">London :</marc:subfield><marc:subfield code="b">J. W. Parker,</marc:subfield><marc:subfield code="c">1842.</marc:subfield></marc:datafield><marc:datafield tag="300" ind1=" " ind2=" "><marc:subfield code="a">56 p. ;</marc:subfield><marc:subfield code="c">8º.</marc:subfield></marc:datafield><marc:datafield tag="700" ind1="1" ind2=" "><marc:subfield code="a">Pusey, E. B.</marc:subfield><marc:subfield code="q">(Edward Bouverie),</marc:subfield><marc:subfield code="d">1800-1882.</marc:subfield><marc:subfield code="t">A Letter to ... the Archbishop of Canterbury on some circumstances connected with the present crisis in the English Church.</marc:subfield></marc:datafield><marc:datafield tag="852" ind1="4" ind2="1"><marc:subfield code="a">British Library</marc:subfield><marc:subfield code="b">HMNTS</marc:subfield><marc:subfield code="j">1114.i.31.(3.)</marc:subfield></marc:datafield><marc:datafield tag="886" ind1="2" ind2=" "><marc:subfield code="2">blmarc</marc:subfield><marc:subfield code="a">709</marc:subfield><marc:subfield code="b">00</marc:subfield><marc:subfield code="a">PUSEY</marc:subfield><marc:subfield code="h">Edward Bouverie</marc:subfield><marc:subfield code="t">A Letter to ... the Archbishop of Canterbury on some circumstances connected with the present crisis in the English Church.</marc:subfield><marc:subfield code="p">1114.i.31.(3.)</marc:subfield><marc:subfield code="x">2674060093</marc:subfield></marc:datafield></marc:record>