
<marc:record><marc:leader>00677cam a22001693  4500</marc:leader>
<marc:controlfield tag="001">000005618</marc:controlfield>
<marc:controlfield tag="003">Uk</marc:controlfield><marc:controlfield tag="005">20120120152500.0</marc:controlfield><marc:controlfield tag="008">870813|1840|||||||    ||     ||| |||||  </marc:controlfield><marc:datafield tag="040" ind1=" " ind2=" "><marc:subfield code="a">Uk</marc:subfield><marc:subfield code="c">Uk</marc:subfield></marc:datafield><marc:datafield tag="100" ind1="1" ind2=" "><marc:subfield code="a">ABEL, Carl von,</marc:subfield><marc:subfield code="c">Bavarian Minister of the Interior.</marc:subfield></marc:datafield><marc:datafield tag="245" ind1="1" ind2="0"><marc:subfield code="a">Abel und Wallerstein. Beiträge zur neuesten Geschichte bayerischer Zustände. Nach authentischen Quellen bearbeitet.</marc:subfield></marc:datafield><marc:datafield tag="260" ind1=" " ind2=" "><marc:subfield code="a">Stuttgart,</marc:subfield><marc:subfield code="c">1840.</marc:subfield></marc:datafield><marc:datafield tag="300" ind1=" " ind2=" "><marc:subfield code="a">vi, 322 p. ;</marc:subfield><marc:subfield code="c">8º.</marc:subfield></marc:datafield><marc:datafield tag="700" ind1="1" ind2=" "><marc:subfield code="a">OETTINGEN-WALLERSTEIN, Ludwig Kraft Ernst von,</marc:subfield><marc:subfield code="c">Prince.</marc:subfield></marc:datafield><marc:datafield tag="852" ind1="4" ind2="1"><marc:subfield code="a">British Library</marc:subfield><marc:subfield code="b">HMNTS</marc:subfield><marc:subfield code="j">8073.bb.16.</marc:subfield></marc:datafield><marc:datafield tag="886" ind1="2" ind2=" "><marc:subfield code="2">blmarc</marc:subfield><marc:subfield code="a">709</marc:subfield><marc:subfield code="b">00</marc:subfield><marc:subfield code="a">OETTINGEN-WALLERSTEIN</marc:subfield><marc:subfield code="h">Ludwig Kraft Ernst von</marc:subfield><marc:subfield code="f">Prince</marc:subfield><marc:subfield code="p">8073.bb.16.</marc:subfield><marc:subfield code="x">2403650307</marc:subfield></marc:datafield></marc:record>