
<marc:record><marc:leader>00929cam a22001933  4500</marc:leader>
<marc:controlfield tag="001">000005626</marc:controlfield>
<marc:controlfield tag="003">Uk</marc:controlfield><marc:controlfield tag="005">20110311165800.0</marc:controlfield><marc:controlfield tag="008">870813|1855|||||||    ||     ||| |||||  </marc:controlfield><marc:datafield tag="040" ind1=" " ind2=" "><marc:subfield code="a">Uk</marc:subfield><marc:subfield code="c">Uk</marc:subfield></marc:datafield><marc:datafield tag="100" ind1="1" ind2=" "><marc:subfield code="a">ABEL, Caspar.</marc:subfield></marc:datafield><marc:datafield tag="245" ind1="1" ind2="0"><marc:subfield code="a">Die Kriegssucht oder das Königsübel ... Mit Zusätzen aus Leibnitz neu herausgegeben als Beitrag zur Lösung der Zeitfragen mit Vorwort von ... Dr. Troxler.</marc:subfield></marc:datafield><marc:datafield tag="260" ind1=" " ind2=" "><marc:subfield code="a">Schaffhausen,</marc:subfield><marc:subfield code="c">1855.</marc:subfield></marc:datafield><marc:datafield tag="300" ind1=" " ind2=" "><marc:subfield code="a">37 p. ;</marc:subfield><marc:subfield code="c">8º.</marc:subfield></marc:datafield><marc:datafield tag="700" ind1="1" ind2=" "><marc:subfield code="a">Leibniz, Gottfried Wilhelm,</marc:subfield><marc:subfield code="c">Freiherr von,</marc:subfield><marc:subfield code="d">1646-1716</marc:subfield><marc:subfield code="t">Works Edited, Translated or with Contributions by this Author.</marc:subfield></marc:datafield><marc:datafield tag="700" ind1="1" ind2=" "><marc:subfield code="a">TROXLER, Ignaz Paul Vital.</marc:subfield></marc:datafield><marc:datafield tag="852" ind1="4" ind2="1"><marc:subfield code="a">British Library</marc:subfield><marc:subfield code="b">HMNTS</marc:subfield><marc:subfield code="j">11522.c.43.(5.)</marc:subfield></marc:datafield><marc:datafield tag="886" ind1="2" ind2=" "><marc:subfield code="2">blmarc</marc:subfield><marc:subfield code="a">709</marc:subfield><marc:subfield code="b">00</marc:subfield><marc:subfield code="a">LEIBNITZ</marc:subfield><marc:subfield code="h">Gottfried Wilhelm von</marc:subfield><marc:subfield code="f">Baron</marc:subfield><marc:subfield code="t">Works Edited, Translated or with Contributions by this Author</marc:subfield><marc:subfield code="p">11522.c.43.(5.)</marc:subfield><marc:subfield code="x">1882070178</marc:subfield></marc:datafield><marc:datafield tag="886" ind1="2" ind2=" "><marc:subfield code="2">blmarc</marc:subfield><marc:subfield code="a">709</marc:subfield><marc:subfield code="b">00</marc:subfield><marc:subfield code="a">TROXLER</marc:subfield><marc:subfield code="h">Ignaz Paul Vital</marc:subfield><marc:subfield code="p">11522.c.43.(5.)</marc:subfield><marc:subfield code="x">3300710022</marc:subfield></marc:datafield></marc:record>