
<marc:record><marc:leader>01390cam a22003133  4500</marc:leader>
<marc:controlfield tag="001">000005645</marc:controlfield>
<marc:controlfield tag="003">Uk</marc:controlfield><marc:controlfield tag="005">20081205181005.0</marc:controlfield><marc:controlfield tag="008">950314|1818||||enk    ||     ||| |||||  </marc:controlfield><marc:datafield tag="040" ind1=" " ind2=" "><marc:subfield code="a">Uk</marc:subfield><marc:subfield code="c">Uk</marc:subfield></marc:datafield><marc:datafield tag="100" ind1="1" ind2=" "><marc:subfield code="a">Abel, Clarke,</marc:subfield><marc:subfield code="d">1780-1826</marc:subfield></marc:datafield><marc:datafield tag="245" ind1="1" ind2="0"><marc:subfield code="a">Narrative of a Journey in the Interior of China, and of a voyage to and from that country, in the years 1816 and 1817; containing an account of the most interesting transactions of Lord Amherst's Embassy to the Court of Pekin, etc. [With plates and maps.]</marc:subfield></marc:datafield><marc:datafield tag="260" ind1=" " ind2=" "><marc:subfield code="a">London :</marc:subfield><marc:subfield code="b">Longman &amp; Co.,</marc:subfield><marc:subfield code="c">1818.</marc:subfield></marc:datafield><marc:datafield tag="300" ind1=" " ind2=" "><marc:subfield code="a">xvi. 420 p. ;</marc:subfield><marc:subfield code="c">4º.</marc:subfield></marc:datafield><marc:datafield tag="510" ind1="4" ind2=" "><marc:subfield code="a">R. V. Tooley, English Books with Coloured Plates 1790-1860, 1954/1987,</marc:subfield><marc:subfield code="c">no. 1.</marc:subfield></marc:datafield><marc:datafield tag="651" ind1=" " ind2="0"><marc:subfield code="a">China</marc:subfield><marc:subfield code="v">In art.</marc:subfield></marc:datafield><marc:datafield tag="651" ind1=" " ind2="0"><marc:subfield code="a">China</marc:subfield><marc:subfield code="x">Description and travel.</marc:subfield></marc:datafield><marc:datafield tag="651" ind1=" " ind2="0"><marc:subfield code="a">China</marc:subfield><marc:subfield code="x">Foreign relations</marc:subfield><marc:subfield code="z">Great Britain.</marc:subfield></marc:datafield><marc:datafield tag="651" ind1=" " ind2="0"><marc:subfield code="a">Great Britain</marc:subfield><marc:subfield code="x">Foreign relations</marc:subfield><marc:subfield code="z">China.</marc:subfield></marc:datafield><marc:datafield tag="655" ind1=" " ind2="7"><marc:subfield code="a">Views.</marc:subfield><marc:subfield code="2">gmgpc</marc:subfield></marc:datafield><marc:datafield tag="700" ind1="1" ind2=" "><marc:subfield code="a">Havell, William,</marc:subfield><marc:subfield code="d">1782-1857.</marc:subfield><marc:subfield code="e">Artist</marc:subfield></marc:datafield><marc:datafield tag="700" ind1="1" ind2=" "><marc:subfield code="a">Fielding, T. H.</marc:subfield><marc:subfield code="q">(Theodore Henry),</marc:subfield><marc:subfield code="d">1781-1851,</marc:subfield><marc:subfield code="e">Engraver.</marc:subfield></marc:datafield><marc:datafield tag="700" ind1="1" ind2=" "><marc:subfield code="a">Cooke, J.</marc:subfield><marc:subfield code="q">(Lieutentant).</marc:subfield><marc:subfield code="e">Artist</marc:subfield></marc:datafield><marc:datafield tag="700" ind1="1" ind2=" "><marc:subfield code="a">Roper, H.</marc:subfield><marc:subfield code="e">Artist</marc:subfield></marc:datafield><marc:datafield tag="700" ind1="1" ind2=" "><marc:subfield code="a">Abel, Clarke,</marc:subfield><marc:subfield code="d">1780-1826</marc:subfield><marc:subfield code="e">Artist</marc:subfield></marc:datafield><marc:datafield tag="700" ind1="1" ind2=" "><marc:subfield code="a">Edwards, Sydenham,</marc:subfield><marc:subfield code="d">1768-1819</marc:subfield><marc:subfield code="e">Artist</marc:subfield></marc:datafield><marc:datafield tag="852" ind1="4" ind2="1"><marc:subfield code="a">British Library</marc:subfield><marc:subfield code="b">HMNTS</marc:subfield><marc:subfield code="j">981.f.17.</marc:subfield></marc:datafield><marc:datafield tag="852" ind1="4" ind2="1"><marc:subfield code="a">British Library</marc:subfield><marc:subfield code="b">HMNTS</marc:subfield><marc:subfield code="j">146.f.16.</marc:subfield><marc:subfield code="3">[Another copy.]</marc:subfield></marc:datafield><marc:datafield tag="852" ind1="4" ind2="1"><marc:subfield code="a">British Library</marc:subfield><marc:subfield code="b">OC</marc:subfield><marc:subfield code="j">V 8820</marc:subfield><marc:subfield code="3">[Another copy.]***Held in OIOC.</marc:subfield></marc:datafield></marc:record>