
<marc:record><marc:leader>00471cam a22001333  4500</marc:leader>
<marc:controlfield tag="001">000005676</marc:controlfield>
<marc:controlfield tag="003">Uk</marc:controlfield><marc:controlfield tag="005">20110119132200.0</marc:controlfield><marc:controlfield tag="008">870813|1884|||||||    ||     ||| |||||  </marc:controlfield><marc:datafield tag="040" ind1=" " ind2=" "><marc:subfield code="a">Uk</marc:subfield><marc:subfield code="c">Uk</marc:subfield></marc:datafield><marc:datafield tag="100" ind1="1" ind2=" "><marc:subfield code="a">ABEL, Frederick Augustus,</marc:subfield><marc:subfield code="c">Sir,</marc:subfield><marc:subfield code="c">Bart.</marc:subfield></marc:datafield><marc:datafield tag="245" ind1="1" ind2="0"><marc:subfield code="a">Electricity applied to Explosive Purposes. [A lecture.]</marc:subfield></marc:datafield><marc:datafield tag="580" ind1=" " ind2=" "><marc:subfield code="a">In : London.-III. Institution of Civil Engineers. The Practical Applications of Electricity, etc. 1884. 8º.</marc:subfield></marc:datafield><marc:datafield tag="852" ind1="4" ind2="1"><marc:subfield code="a">British Library</marc:subfield><marc:subfield code="b">HMNTS</marc:subfield><marc:subfield code="j">Ac.4313/8.</marc:subfield></marc:datafield></marc:record>