
<marc:record><marc:leader>00928cam a22002053  4500</marc:leader>
<marc:controlfield tag="001">000005684</marc:controlfield>
<marc:controlfield tag="003">Uk</marc:controlfield><marc:controlfield tag="005">20120126091800.0</marc:controlfield><marc:controlfield tag="008">870813|1854|||||||    ||     ||| |||||  </marc:controlfield><marc:datafield tag="040" ind1=" " ind2=" "><marc:subfield code="a">Uk</marc:subfield><marc:subfield code="c">Uk</marc:subfield></marc:datafield><marc:datafield tag="100" ind1="1" ind2=" "><marc:subfield code="a">ABEL, Frederick Augustus,</marc:subfield><marc:subfield code="c">Sir,</marc:subfield><marc:subfield code="c">Bart., and BLOXAM (Charles London)</marc:subfield></marc:datafield><marc:datafield tag="245" ind1="1" ind2="0"><marc:subfield code="a">Hand-book of Chemistry, theoretical, practical and technical, etc.</marc:subfield></marc:datafield><marc:datafield tag="260" ind1=" " ind2=" "><marc:subfield code="a">pp. xix. 724. John Churchill: London, 1854 [1853].</marc:subfield></marc:datafield><marc:datafield tag="300" ind1=" " ind2=" "><marc:subfield code="a">8º.</marc:subfield></marc:datafield><marc:datafield tag="700" ind1="1" ind2=" "><marc:subfield code="a">Bloxam, Charles Loudon,</marc:subfield><marc:subfield code="d">1831-1887.</marc:subfield></marc:datafield><marc:datafield tag="700" ind1="1" ind2=" "><marc:subfield code="a">Hofmann, August Wilhelm von,</marc:subfield><marc:subfield code="d">1818-1892.</marc:subfield></marc:datafield><marc:datafield tag="775" ind1="0" ind2=" "><marc:subfield code="t">[Hand-book of Chemistry, theoretical, practical and technical, etc.]</marc:subfield><marc:subfield code="d">pp. xx. 785. John Churchill: London, 1858. 8º.</marc:subfield><marc:subfield code="w">(Uk)MP1.0000006103.1</marc:subfield></marc:datafield><marc:datafield tag="852" ind1="4" ind2="1"><marc:subfield code="a">British Library</marc:subfield><marc:subfield code="b">HMNTS</marc:subfield><marc:subfield code="j">8905.d.10.</marc:subfield></marc:datafield><marc:datafield tag="886" ind1="2" ind2=" "><marc:subfield code="2">blmarc</marc:subfield><marc:subfield code="a">709</marc:subfield><marc:subfield code="b">00</marc:subfield><marc:subfield code="a">BLOXAM</marc:subfield><marc:subfield code="h">Charles Loudon</marc:subfield><marc:subfield code="p">8905.d.10.</marc:subfield><marc:subfield code="x">0350230056</marc:subfield><marc:subfield code="p">8906.c.12.</marc:subfield><marc:subfield code="x">0350230056</marc:subfield></marc:datafield><marc:datafield tag="886" ind1="2" ind2=" "><marc:subfield code="2">blmarc</marc:subfield><marc:subfield code="a">709</marc:subfield><marc:subfield code="b">00</marc:subfield><marc:subfield code="a">HOFMANN</marc:subfield><marc:subfield code="h">August Wilhelm von</marc:subfield><marc:subfield code="p">8905.d.10.</marc:subfield><marc:subfield code="x">1501770284</marc:subfield></marc:datafield></marc:record>