
<marc:record><marc:leader>00518cam a22001573  4500</marc:leader>
<marc:controlfield tag="001">000005715</marc:controlfield>
<marc:controlfield tag="003">Uk</marc:controlfield><marc:controlfield tag="005">20110119132200.0</marc:controlfield><marc:controlfield tag="008">870813|1849|||||||    ||     ||| |||||  </marc:controlfield><marc:datafield tag="040" ind1=" " ind2=" "><marc:subfield code="a">Uk</marc:subfield><marc:subfield code="c">Uk</marc:subfield></marc:datafield><marc:datafield tag="100" ind1="1" ind2=" "><marc:subfield code="a">ABEL, Heinrich Friedrich Otto.</marc:subfield></marc:datafield><marc:datafield tag="245" ind1="1" ind2="0"><marc:subfield code="a">Paulus Diakonus und die übrigen Geschichtschreiber der Langobarden, übersetzt von Dr. O. Abel.</marc:subfield></marc:datafield><marc:datafield tag="260" ind1=" " ind2=" "><marc:subfield code="a">Berlin,</marc:subfield><marc:subfield code="c">1849.</marc:subfield></marc:datafield><marc:datafield tag="300" ind1=" " ind2=" "><marc:subfield code="a">xxix, 259 p. ;</marc:subfield><marc:subfield code="c">8º.</marc:subfield></marc:datafield><marc:datafield tag="490" ind1="0" ind2=" "><marc:subfield code="a">[Die Geschichtschreiber der deutschen Vorzeit.]</marc:subfield></marc:datafield><marc:datafield tag="852" ind1="4" ind2="1"><marc:subfield code="a">British Library</marc:subfield><marc:subfield code="b">HMNTS</marc:subfield><marc:subfield code="j">9325.cc.19.(1.)</marc:subfield></marc:datafield></marc:record>