
<marc:record><marc:leader>00568cam a22001453  4500</marc:leader>
<marc:controlfield tag="001">000005723</marc:controlfield>
<marc:controlfield tag="003">Uk</marc:controlfield><marc:controlfield tag="005">20111222151700.0</marc:controlfield><marc:controlfield tag="008">870813|1855|||||||    ||     ||| |||||  </marc:controlfield><marc:datafield tag="040" ind1=" " ind2=" "><marc:subfield code="a">Uk</marc:subfield><marc:subfield code="c">Uk</marc:subfield></marc:datafield><marc:datafield tag="100" ind1="1" ind2=" "><marc:subfield code="a">ABEL, Hermann.</marc:subfield></marc:datafield><marc:datafield tag="245" ind1="1" ind2="0"><marc:subfield code="a">“Kinder, lasst mich, dass ich zur Ruhe komme!” Predigt, Rede und Gebet zum Gedächtniss des am 14. Februar 1855 entschlafenen Oberpfarrer's ... Dr. Pfister ... zu Schloss-Heldrungen gehalten von H. Abel ... und Julius Walther.</marc:subfield></marc:datafield><marc:datafield tag="260" ind1=" " ind2=" "><marc:subfield code="a">Weissensee,</marc:subfield><marc:subfield code="c">[1855]</marc:subfield></marc:datafield><marc:datafield tag="300" ind1=" " ind2=" "><marc:subfield code="a">16 p. ;</marc:subfield><marc:subfield code="c">8º.</marc:subfield></marc:datafield><marc:datafield tag="852" ind1="4" ind2="1"><marc:subfield code="a">British Library</marc:subfield><marc:subfield code="b">HMNTS</marc:subfield><marc:subfield code="j">4886.d.50.(2.)</marc:subfield></marc:datafield></marc:record>