
<marc:record><marc:leader>00712cam a2200193 a 4500</marc:leader>
<marc:controlfield tag="001">000005740</marc:controlfield>
<marc:controlfield tag="003">Uk</marc:controlfield><marc:controlfield tag="005">20120821152633.0</marc:controlfield><marc:controlfield tag="008">870813s1879    hu            000 0 hun  </marc:controlfield><marc:datafield tag="040" ind1=" " ind2=" "><marc:subfield code="a">Uk</marc:subfield><marc:subfield code="c">Uk</marc:subfield><marc:subfield code="d">Uk</marc:subfield></marc:datafield><marc:datafield tag="100" ind1="1" ind2=" "><marc:subfield code="a">Ábel, Jenő.</marc:subfield></marc:datafield><marc:datafield tag="245" ind1="1" ind2="0"><marc:subfield code="a">Corvincodexek /</marc:subfield><marc:subfield code="c">Ábel Jenőtől.</marc:subfield></marc:datafield><marc:datafield tag="260" ind1=" " ind2=" "><marc:subfield code="a">Budapest :</marc:subfield><marc:subfield code="b">Tudományos Akadémia Könyvkiadó-hivatala,</marc:subfield><marc:subfield code="c">1879.</marc:subfield></marc:datafield><marc:datafield tag="300" ind1=" " ind2=" "><marc:subfield code="a">102, [2] p. ;</marc:subfield><marc:subfield code="c">23 cm, 8º.</marc:subfield></marc:datafield><marc:datafield tag="490" ind1="1" ind2=" "><marc:subfield code="a">Értekezések a nyelv- és széptudományok köréből ;</marc:subfield><marc:subfield code="v">VIII. 1</marc:subfield></marc:datafield><marc:datafield tag="610" ind1="2" ind2="0"><marc:subfield code="a">Bibliotheca Corviniana.</marc:subfield></marc:datafield><marc:datafield tag="650" ind1=" " ind2="0"><marc:subfield code="a">Manuscripts, Renaissance</marc:subfield><marc:subfield code="z">Hungary</marc:subfield><marc:subfield code="x">History.</marc:subfield></marc:datafield><marc:datafield tag="830" ind1=" " ind2="0"><marc:subfield code="a">Értekezések a nyelv- és széptudományok köréből ;</marc:subfield><marc:subfield code="v">8/1.</marc:subfield></marc:datafield><marc:datafield tag="852" ind1="4" ind2="1"><marc:subfield code="a">British Library</marc:subfield><marc:subfield code="b">HMNTS</marc:subfield><marc:subfield code="j">Ac.825/20.</marc:subfield></marc:datafield></marc:record>