
<marc:record><marc:leader>00586cam a22001453  4500</marc:leader>
<marc:controlfield tag="001">000005752</marc:controlfield>
<marc:controlfield tag="003">Uk</marc:controlfield><marc:controlfield tag="005">20130615210700.0</marc:controlfield><marc:controlfield tag="008">870813|1857|||||||    ||     ||| |||||  </marc:controlfield><marc:datafield tag="040" ind1=" " ind2=" "><marc:subfield code="a">Uk</marc:subfield><marc:subfield code="c">Uk</marc:subfield></marc:datafield><marc:datafield tag="100" ind1="1" ind2=" "><marc:subfield code="a">ABEL, John</marc:subfield><marc:subfield code="c">(Barrister-at-law)</marc:subfield></marc:datafield><marc:datafield tag="245" ind1="1" ind2="0"><marc:subfield code="a">North of Europe Steam Navigation Company. Four letters intended as a supplement to the Report presented to the proprietors of the late Committee of Co-operation, appointed on the 26th March, 1857.</marc:subfield></marc:datafield><marc:datafield tag="260" ind1=" " ind2=" "><marc:subfield code="a">Smithfield :</marc:subfield><marc:subfield code="b">Printed for private circulation,</marc:subfield><marc:subfield code="c">[1857]</marc:subfield></marc:datafield><marc:datafield tag="300" ind1=" " ind2=" "><marc:subfield code="a">19 p. ;</marc:subfield><marc:subfield code="c">8º.</marc:subfield></marc:datafield><marc:datafield tag="852" ind1="4" ind2="1"><marc:subfield code="a">British Library</marc:subfield><marc:subfield code="b">HMNTS</marc:subfield><marc:subfield code="j">08229.e.39.(11.)</marc:subfield></marc:datafield></marc:record>