
<marc:record><marc:leader>00698cam a22001813  4500</marc:leader>
<marc:controlfield tag="001">000005758</marc:controlfield>
<marc:controlfield tag="003">Uk</marc:controlfield><marc:controlfield tag="005">20110311165800.0</marc:controlfield><marc:controlfield tag="008">870813|1866|||||||    ||     ||| |||||  </marc:controlfield><marc:datafield tag="040" ind1=" " ind2=" "><marc:subfield code="a">Uk</marc:subfield><marc:subfield code="c">Uk</marc:subfield></marc:datafield><marc:datafield tag="100" ind1="1" ind2=" "><marc:subfield code="a">ABEL, Léonard,</marc:subfield><marc:subfield code="c">Bishop of Sidon.</marc:subfield></marc:datafield><marc:datafield tag="245" ind1="1" ind2="0"><marc:subfield code="a">Une Mission religieuse en Orient au seizième siècle. Relation adressée à Sixte-Quint par l'évêque de Sidon, traduite et annotée par Adolphe d'Avríl.</marc:subfield></marc:datafield><marc:datafield tag="260" ind1=" " ind2=" "><marc:subfield code="a">Paris,</marc:subfield><marc:subfield code="c">1866.</marc:subfield></marc:datafield><marc:datafield tag="300" ind1=" " ind2=" "><marc:subfield code="a">45 p. ;</marc:subfield><marc:subfield code="c">8º.</marc:subfield></marc:datafield><marc:datafield tag="500" ind1=" " ind2=" "><marc:subfield code="a">No. 27 of an edition of 100 copies.</marc:subfield></marc:datafield><marc:datafield tag="700" ind1="1" ind2=" "><marc:subfield code="a">Avril, Adolphe d',</marc:subfield><marc:subfield code="d">1822-1904.</marc:subfield></marc:datafield><marc:datafield tag="852" ind1="4" ind2="1"><marc:subfield code="a">British Library</marc:subfield><marc:subfield code="b">HMNTS</marc:subfield><marc:subfield code="j">4532.cc.4.</marc:subfield></marc:datafield><marc:datafield tag="886" ind1="2" ind2=" "><marc:subfield code="2">blmarc</marc:subfield><marc:subfield code="a">709</marc:subfield><marc:subfield code="b">00</marc:subfield><marc:subfield code="a">AVRIL</marc:subfield><marc:subfield code="h">L. M. Adolphe d'</marc:subfield><marc:subfield code="f">Baron</marc:subfield><marc:subfield code="p">4532.cc.4.</marc:subfield><marc:subfield code="x">0145070115</marc:subfield></marc:datafield></marc:record>