
<marc:record><marc:leader>00936cam a22002173  4500</marc:leader>
<marc:controlfield tag="001">000005778</marc:controlfield>
<marc:controlfield tag="003">Uk</marc:controlfield><marc:controlfield tag="005">20111222151700.0</marc:controlfield><marc:controlfield tag="008">950301|1881|||||||    ||     ||| |||||  </marc:controlfield><marc:datafield tag="040" ind1=" " ind2=" "><marc:subfield code="a">Uk</marc:subfield><marc:subfield code="c">Uk</marc:subfield></marc:datafield><marc:datafield tag="100" ind1="1" ind2=" "><marc:subfield code="a">ABEL, Niels Henrik.</marc:subfield></marc:datafield><marc:datafield tag="245" ind1="1" ind2="0"><marc:subfield code="a">[Oeuvres complètes ... Avec des notes et développements, redigées ... par B. Holmboe.]</marc:subfield></marc:datafield><marc:datafield tag="250" ind1=" " ind2=" "><marc:subfield code="a">Nouvelle édition publiée aux frais de l'état norvégien par ... L. Sylow et S. Lie.</marc:subfield></marc:datafield><marc:datafield tag="260" ind1=" " ind2=" "><marc:subfield code="a">Christiania,</marc:subfield><marc:subfield code="c">1881.</marc:subfield></marc:datafield><marc:datafield tag="300" ind1=" " ind2=" "><marc:subfield code="a">2 tom. ;</marc:subfield><marc:subfield code="c">4º.</marc:subfield></marc:datafield><marc:datafield tag="700" ind1="1" ind2=" "><marc:subfield code="a">LIE, Marius Sophus.</marc:subfield></marc:datafield><marc:datafield tag="700" ind1="1" ind2=" "><marc:subfield code="a">SYLOW, Peter Ludvig Meydell.</marc:subfield></marc:datafield><marc:datafield tag="787" ind1="0" ind2=" "><marc:subfield code="t">Oeuvres complètes ... Avec des notes et développements, redigées ... par B. Holmboe.</marc:subfield><marc:subfield code="d">2 tom. Christiania, 1839. 4º.</marc:subfield><marc:subfield code="w">(Uk)MP1.0000006193</marc:subfield></marc:datafield><marc:datafield tag="852" ind1="4" ind2="1"><marc:subfield code="a">British Library</marc:subfield><marc:subfield code="b">HMNTS</marc:subfield><marc:subfield code="j">8532.g.6.</marc:subfield></marc:datafield><marc:datafield tag="886" ind1="2" ind2=" "><marc:subfield code="2">blmarc</marc:subfield><marc:subfield code="a">709</marc:subfield><marc:subfield code="b">00</marc:subfield><marc:subfield code="a">LIE</marc:subfield><marc:subfield code="h">Marius Sophus</marc:subfield><marc:subfield code="p">8532.g.6.</marc:subfield><marc:subfield code="x">1920450300</marc:subfield></marc:datafield><marc:datafield tag="886" ind1="2" ind2=" "><marc:subfield code="2">blmarc</marc:subfield><marc:subfield code="a">709</marc:subfield><marc:subfield code="b">00</marc:subfield><marc:subfield code="a">SYLOW</marc:subfield><marc:subfield code="h">Peter Ludvig Meydell</marc:subfield><marc:subfield code="p">8532.g.6.</marc:subfield><marc:subfield code="x">3191490213</marc:subfield></marc:datafield></marc:record>