
<marc:record><marc:leader>00728cam a22001693  4500</marc:leader>
<marc:controlfield tag="001">000005834</marc:controlfield>
<marc:controlfield tag="003">Uk</marc:controlfield><marc:controlfield tag="005">20120217162500.0</marc:controlfield><marc:controlfield tag="008">870813|1810|||||||    ||     ||| |||||  </marc:controlfield><marc:datafield tag="040" ind1=" " ind2=" "><marc:subfield code="a">Uk</marc:subfield><marc:subfield code="c">Uk</marc:subfield></marc:datafield><marc:datafield tag="100" ind1="1" ind2=" "><marc:subfield code="a">ABEL, William.</marc:subfield></marc:datafield><marc:datafield tag="245" ind1="1" ind2="5"><marc:subfield code="a">[The Copie of a Letter sent from the Roaring Boyes in Elizium; to ... Alderman Abel and M. Kilvert, the two great projectors for wine, etc. [In verse.]]</marc:subfield></marc:datafield><marc:datafield tag="250" ind1=" " ind2=" "><marc:subfield code="a">[Another edition.]</marc:subfield></marc:datafield><marc:datafield tag="260" ind1=" " ind2=" "><marc:subfield code="a">London :</marc:subfield><marc:subfield code="b">J. Sturt,</marc:subfield><marc:subfield code="c">[1810?]</marc:subfield></marc:datafield><marc:datafield tag="300" ind1=" " ind2=" "><marc:subfield code="c">4º.</marc:subfield></marc:datafield><marc:datafield tag="787" ind1="0" ind2=" "><marc:subfield code="t">The Copie of a Letter sent from the Roaring Boyes in Elizium; to ... Alderman Abel and M. Kilvert, the two great projectors for wine, etc. [In verse.]</marc:subfield><marc:subfield code="d">[London,] 1641. 4º.</marc:subfield><marc:subfield code="w">(Uk)MP1.0000006248</marc:subfield></marc:datafield><marc:datafield tag="852" ind1="4" ind2="1"><marc:subfield code="a">British Library</marc:subfield><marc:subfield code="b">HMNTS</marc:subfield><marc:subfield code="j">164.m.10.</marc:subfield></marc:datafield></marc:record>