
<marc:record><marc:leader>00702cam a22001693  4500</marc:leader>
<marc:controlfield tag="001">000005863</marc:controlfield>
<marc:controlfield tag="003">Uk</marc:controlfield><marc:controlfield tag="005">20120120152500.0</marc:controlfield><marc:controlfield tag="008">870813|1876|||||||    ||     ||| |||||  </marc:controlfield><marc:datafield tag="040" ind1=" " ind2=" "><marc:subfield code="a">Uk</marc:subfield><marc:subfield code="c">Uk</marc:subfield></marc:datafield><marc:datafield tag="100" ind1="1" ind2=" "><marc:subfield code="a">ABELA Y SAINZ DE ANDINÓ, Eduardo.</marc:subfield></marc:datafield><marc:datafield tag="245" ind1="1" ind2="0"><marc:subfield code="a">Memoria sobre el estado de la Agricultura en la Provincia de Madrid, y mejoras convenientes para su desarrollo ... Precedida del informe redactado por el Sr. D. Cárlos A. de Castro y Franganilla, etc.</marc:subfield></marc:datafield><marc:datafield tag="260" ind1=" " ind2=" "><marc:subfield code="a">Madrid,</marc:subfield><marc:subfield code="c">1876.</marc:subfield></marc:datafield><marc:datafield tag="300" ind1=" " ind2=" "><marc:subfield code="a">xxvi, 182 p. ;</marc:subfield><marc:subfield code="c">8º.</marc:subfield></marc:datafield><marc:datafield tag="700" ind1="1" ind2=" "><marc:subfield code="a">CASTRO Y FRANGANILLO, Carlos A. de.</marc:subfield></marc:datafield><marc:datafield tag="852" ind1="4" ind2="1"><marc:subfield code="a">British Library</marc:subfield><marc:subfield code="b">HMNTS</marc:subfield><marc:subfield code="j">7078.dd.2.</marc:subfield></marc:datafield><marc:datafield tag="886" ind1="2" ind2=" "><marc:subfield code="2">blmarc</marc:subfield><marc:subfield code="a">709</marc:subfield><marc:subfield code="b">00</marc:subfield><marc:subfield code="a">CASTRO Y FRANGANILLO</marc:subfield><marc:subfield code="h">Carlos A. de</marc:subfield><marc:subfield code="p">7078.dd.2.</marc:subfield><marc:subfield code="x">0560970161</marc:subfield></marc:datafield></marc:record>