
<marc:record><marc:leader>00462cam a22001453  4500</marc:leader>
<marc:controlfield tag="001">000005869</marc:controlfield>
<marc:controlfield tag="003">Uk</marc:controlfield><marc:controlfield tag="005">20120511180400.0</marc:controlfield><marc:controlfield tag="008">870813|1844|||||||    ||     ||| |||||  </marc:controlfield><marc:datafield tag="040" ind1=" " ind2=" "><marc:subfield code="a">Uk</marc:subfield><marc:subfield code="c">Uk</marc:subfield></marc:datafield><marc:datafield tag="100" ind1="1" ind2=" "><marc:subfield code="a">ABELE, C. A.</marc:subfield></marc:datafield><marc:datafield tag="245" ind1="1" ind2="0"><marc:subfield code="a">Cannstatt als Kurort. Kurze Notizen über seine Brunnen, Bäder, Heilanstalten und Heilobjekte, etc. [With a map.]</marc:subfield></marc:datafield><marc:datafield tag="260" ind1=" " ind2=" "><marc:subfield code="a">Cannstatt ;</marc:subfield><marc:subfield code="a">Stuttgart,</marc:subfield><marc:subfield code="c">1844.</marc:subfield></marc:datafield><marc:datafield tag="300" ind1=" " ind2=" "><marc:subfield code="a">vi, 210 p. ;</marc:subfield><marc:subfield code="c">8º.</marc:subfield></marc:datafield><marc:datafield tag="852" ind1="4" ind2="1"><marc:subfield code="a">British Library</marc:subfield><marc:subfield code="b">HMNTS</marc:subfield><marc:subfield code="j">7470.c.2.</marc:subfield></marc:datafield></marc:record>