
<marc:record><marc:leader>00896cam a22001933  4500</marc:leader>
<marc:controlfield tag="001">000005969</marc:controlfield>
<marc:controlfield tag="003">Uk</marc:controlfield><marc:controlfield tag="005">20111222151700.0</marc:controlfield><marc:controlfield tag="008">870813|1841|||||||    ||     ||| ||eng  </marc:controlfield><marc:datafield tag="040" ind1=" " ind2=" "><marc:subfield code="a">Uk</marc:subfield><marc:subfield code="c">Uk</marc:subfield></marc:datafield><marc:datafield tag="100" ind1="1" ind2=" "><marc:subfield code="a">ABELL, Townsend P.</marc:subfield></marc:datafield><marc:datafield tag="245" ind1="1" ind2="4"><marc:subfield code="a">The “Fatal Mistake” mis-taken. A sermon delivered August 8, 1841, by T. P. Abell, in examination of A Discourse preached June 20, 1841, by Rev. Charles Fitch, in review of a sermon by Rev. Otis A. Skinner, at the installation of Rev. T. P. Abell, as Pastor of the first Universalist Society, in Haverhill, Mass.</marc:subfield></marc:datafield><marc:datafield tag="260" ind1=" " ind2=" "><marc:subfield code="a">Boston :</marc:subfield><marc:subfield code="b">J. N. Bang,</marc:subfield><marc:subfield code="c">1841.</marc:subfield></marc:datafield><marc:datafield tag="300" ind1=" " ind2=" "><marc:subfield code="a">19 p. ;</marc:subfield><marc:subfield code="c">8º.</marc:subfield></marc:datafield><marc:datafield tag="700" ind1="1" ind2=" "><marc:subfield code="a">FITCH, Charles,</marc:subfield><marc:subfield code="c">Rev.</marc:subfield></marc:datafield><marc:datafield tag="700" ind1="1" ind2=" "><marc:subfield code="a">SKINNER, Otis Ainsworth.</marc:subfield></marc:datafield><marc:datafield tag="852" ind1="4" ind2="1"><marc:subfield code="a">British Library</marc:subfield><marc:subfield code="b">HMNTS</marc:subfield><marc:subfield code="j">4485.i.1.</marc:subfield></marc:datafield><marc:datafield tag="886" ind1="2" ind2=" "><marc:subfield code="2">blmarc</marc:subfield><marc:subfield code="a">709</marc:subfield><marc:subfield code="b">00</marc:subfield><marc:subfield code="a">FITCH</marc:subfield><marc:subfield code="h">Charles</marc:subfield><marc:subfield code="f">Rev.</marc:subfield><marc:subfield code="p">4485.i.1.</marc:subfield><marc:subfield code="x">1093280263</marc:subfield></marc:datafield><marc:datafield tag="886" ind1="2" ind2=" "><marc:subfield code="2">blmarc</marc:subfield><marc:subfield code="a">709</marc:subfield><marc:subfield code="b">00</marc:subfield><marc:subfield code="a">SKINNER</marc:subfield><marc:subfield code="h">Otis Ainsworth</marc:subfield><marc:subfield code="p">4485.i.1.</marc:subfield><marc:subfield code="x">3041890143</marc:subfield></marc:datafield></marc:record>