
<marc:record><marc:leader>00765cam a22001693  4500</marc:leader>
<marc:controlfield tag="001">000006028</marc:controlfield>
<marc:controlfield tag="003">Uk</marc:controlfield><marc:controlfield tag="005">20111222151700.0</marc:controlfield><marc:controlfield tag="008">870813|1804|||||||    ||     ||| |||||  </marc:controlfield><marc:datafield tag="040" ind1=" " ind2=" "><marc:subfield code="a">Uk</marc:subfield><marc:subfield code="c">Uk</marc:subfield></marc:datafield><marc:datafield tag="100" ind1="1" ind2=" "><marc:subfield code="a">ABELLI, Louis,</marc:subfield><marc:subfield code="c">Bishop of Rodez.</marc:subfield></marc:datafield><marc:datafield tag="245" ind1="1" ind2="0"><marc:subfield code="a">La Couronne de l'année Chrétienne, ou méditations sur les principales ... vérités de l'Évangile ... disposées pour tous les jours de l'année ... Nouvelle édition ... Augmentée de pratiques à chaque méditation. Par l'auteur de l'Âme élevée à Dieu [i.e. B. Baudrand].</marc:subfield></marc:datafield><marc:datafield tag="260" ind1=" " ind2=" "><marc:subfield code="a">Lyon,</marc:subfield><marc:subfield code="c">1804.</marc:subfield></marc:datafield><marc:datafield tag="300" ind1=" " ind2=" "><marc:subfield code="a">2 tom. ;</marc:subfield><marc:subfield code="c">12º.</marc:subfield></marc:datafield><marc:datafield tag="700" ind1="1" ind2=" "><marc:subfield code="a">BAUDRAND, Barthélemy.</marc:subfield></marc:datafield><marc:datafield tag="852" ind1="4" ind2="1"><marc:subfield code="a">British Library</marc:subfield><marc:subfield code="b">HMNTS</marc:subfield><marc:subfield code="j">4402.dd.13.</marc:subfield></marc:datafield><marc:datafield tag="886" ind1="2" ind2=" "><marc:subfield code="2">blmarc</marc:subfield><marc:subfield code="a">709</marc:subfield><marc:subfield code="b">00</marc:subfield><marc:subfield code="a">BAUDRAND</marc:subfield><marc:subfield code="h">Barthélemy</marc:subfield><marc:subfield code="p">4402.dd.13.</marc:subfield><marc:subfield code="x">0212590014</marc:subfield></marc:datafield></marc:record>