
<marc:record><marc:leader>00799cam a22001693  4500</marc:leader>
<marc:controlfield tag="001">000006031</marc:controlfield>
<marc:controlfield tag="003">Uk</marc:controlfield><marc:controlfield tag="005">20120120152500.0</marc:controlfield><marc:controlfield tag="008">870813|1854|||||||    ||     ||| |||||  </marc:controlfield><marc:datafield tag="040" ind1=" " ind2=" "><marc:subfield code="a">Uk</marc:subfield><marc:subfield code="c">Uk</marc:subfield></marc:datafield><marc:datafield tag="100" ind1="1" ind2=" "><marc:subfield code="a">ABELLI, Louis,</marc:subfield><marc:subfield code="c">Bishop of Rodez.</marc:subfield></marc:datafield><marc:datafield tag="245" ind1="1" ind2="0"><marc:subfield code="a">Die Verehrung der heiligsten Jungfrau Maria durch alle Jahrhunderte, nachgewiesen aus den Urkunden der Kirche; nebst einem praktischen Unterricht über diese Andacht ... Nebst einem Anhange, enthaltend: Mess-, Beicht-, Kommunion- und andere Gebete zu Ehren des heiligsten Herzens Mariä. Aus dem Französischen. [Edited by A. Siebert.]</marc:subfield></marc:datafield><marc:datafield tag="260" ind1=" " ind2=" "><marc:subfield code="a">Schaffhausen,</marc:subfield><marc:subfield code="c">1854.</marc:subfield></marc:datafield><marc:datafield tag="300" ind1=" " ind2=" "><marc:subfield code="a">viii, 349 p. ;</marc:subfield><marc:subfield code="c">8º.</marc:subfield></marc:datafield><marc:datafield tag="700" ind1="1" ind2=" "><marc:subfield code="a">SIEBERT, Anton.</marc:subfield></marc:datafield><marc:datafield tag="852" ind1="4" ind2="1"><marc:subfield code="a">British Library</marc:subfield><marc:subfield code="b">HMNTS</marc:subfield><marc:subfield code="j">4806.b.1.</marc:subfield></marc:datafield><marc:datafield tag="886" ind1="2" ind2=" "><marc:subfield code="2">blmarc</marc:subfield><marc:subfield code="a">709</marc:subfield><marc:subfield code="b">00</marc:subfield><marc:subfield code="a">SIEBERT</marc:subfield><marc:subfield code="h">Anton</marc:subfield><marc:subfield code="p">4806.b.1.</marc:subfield><marc:subfield code="x">3021060056</marc:subfield></marc:datafield></marc:record>