
<marc:record><marc:leader>01271cam a22002173  4500</marc:leader>
<marc:controlfield tag="001">000006037</marc:controlfield>
<marc:controlfield tag="003">Uk</marc:controlfield><marc:controlfield tag="005">20120224170000.0</marc:controlfield><marc:controlfield tag="008">010202|1806|||||||    ||    |||| |||||  </marc:controlfield><marc:datafield tag="040" ind1=" " ind2=" "><marc:subfield code="a">Uk</marc:subfield><marc:subfield code="c">Uk</marc:subfield></marc:datafield><marc:datafield tag="245" ind1="1" ind2="5"><marc:subfield code="a">[The Venetian Outlaw, a drama in three acts ... Translated [from the French translation of J. H. D. Zschokke's &quot;Abällino, oder der grosse Bandit&quot;] and adapted to the English stage by R. W. Elliston.]</marc:subfield></marc:datafield><marc:datafield tag="250" ind1=" " ind2=" "><marc:subfield code="a">[Another edition.]</marc:subfield></marc:datafield><marc:datafield tag="260" ind1=" " ind2=" "><marc:subfield code="a">New-York :</marc:subfield><marc:subfield code="b">D. Longworth,</marc:subfield><marc:subfield code="c">1806.</marc:subfield></marc:datafield><marc:datafield tag="300" ind1=" " ind2=" "><marc:subfield code="a">59 p. ;</marc:subfield><marc:subfield code="c">12º.</marc:subfield></marc:datafield><marc:datafield tag="700" ind1="1" ind2=" "><marc:subfield code="a">ELLISTON, Robert William.</marc:subfield></marc:datafield><marc:datafield tag="700" ind1="1" ind2=" "><marc:subfield code="a">Zschokke, Heinrich,</marc:subfield><marc:subfield code="d">1771-1848.</marc:subfield><marc:subfield code="t">Single Works. Abällino der grosse Bandit.</marc:subfield></marc:datafield><marc:datafield tag="720" ind1=" " ind2=" "><marc:subfield code="a">VENETIAN OUTLAW</marc:subfield><marc:subfield code="e">main entry</marc:subfield></marc:datafield><marc:datafield tag="787" ind1="0" ind2=" "><marc:subfield code="t">The Venetian Outlaw, a drama in three acts ... Translated [from the French translation of J. H. D. Zschokke's “Abällino, oder der grosse Bandit”] and adapted to the English stage by R. W. Elliston.</marc:subfield><marc:subfield code="d">pp. vii. 60. C. &amp; R. Baldwin: London, 1805. 8º.</marc:subfield><marc:subfield code="w">(Uk)MP1.0000006469</marc:subfield></marc:datafield><marc:datafield tag="852" ind1="4" ind2="1"><marc:subfield code="a">British Library</marc:subfield><marc:subfield code="b">HMNTS</marc:subfield><marc:subfield code="j">11778.a.6.(3.)</marc:subfield></marc:datafield><marc:datafield tag="886" ind1="2" ind2=" "><marc:subfield code="2">blmarc</marc:subfield><marc:subfield code="a">709</marc:subfield><marc:subfield code="b">00</marc:subfield><marc:subfield code="a">ELLISTON</marc:subfield><marc:subfield code="h">Robert William</marc:subfield><marc:subfield code="p">642.i.25.</marc:subfield><marc:subfield code="p">11778.a.6.(3.)</marc:subfield><marc:subfield code="x">0940090279</marc:subfield></marc:datafield><marc:datafield tag="886" ind1="2" ind2=" "><marc:subfield code="2">blmarc</marc:subfield><marc:subfield code="a">709</marc:subfield><marc:subfield code="b">00</marc:subfield><marc:subfield code="a">ZSCHOKKE</marc:subfield><marc:subfield code="h">Johann Heinrich Daniel</marc:subfield><marc:subfield code="t">Single Works</marc:subfield><marc:subfield code="t">Abällino der grosse Bandit</marc:subfield><marc:subfield code="p">11778.a.6.(3.)</marc:subfield><marc:subfield code="p">642.i.25.</marc:subfield><marc:subfield code="x">3602830284</marc:subfield></marc:datafield></marc:record>