
<marc:record><marc:leader>00748cam a22001933  4500</marc:leader>
<marc:controlfield tag="001">000006038</marc:controlfield>
<marc:controlfield tag="003">Uk</marc:controlfield><marc:controlfield tag="005">20120224170000.0</marc:controlfield><marc:controlfield tag="008">010202|1820|||||||    ||     ||| |||||  </marc:controlfield><marc:datafield tag="040" ind1=" " ind2=" "><marc:subfield code="a">Uk</marc:subfield><marc:subfield code="c">Uk</marc:subfield></marc:datafield><marc:datafield tag="100" ind1="1" ind2=" "><marc:subfield code="a">Zschokke, Heinrich,</marc:subfield><marc:subfield code="d">1771-1848.</marc:subfield></marc:datafield><marc:datafield tag="240" ind1="1" ind2="0"><marc:subfield code="a">Abällino der grosse Bandit</marc:subfield></marc:datafield><marc:datafield tag="245" ind1="1" ind2="0"><marc:subfield code="a">Abællino, the Great Bandit ... Translated from the German [of J. H. D. Zschokke], and adapted to the New York theatre by William Dunlap ... Fourth edition.</marc:subfield></marc:datafield><marc:datafield tag="260" ind1=" " ind2=" "><marc:subfield code="a">New-York :</marc:subfield><marc:subfield code="b">Thomas Longworth,</marc:subfield><marc:subfield code="c">1820.</marc:subfield></marc:datafield><marc:datafield tag="300" ind1=" " ind2=" "><marc:subfield code="a">66 p. ;</marc:subfield><marc:subfield code="c">12º.</marc:subfield></marc:datafield><marc:datafield tag="700" ind1="1" ind2=" "><marc:subfield code="a">DUNLAP, William.</marc:subfield></marc:datafield><marc:datafield tag="700" ind1="1" ind2=" "><marc:subfield code="a">Zschokke, Heinrich,</marc:subfield><marc:subfield code="d">1771-1848.</marc:subfield><marc:subfield code="t">Single Works.</marc:subfield></marc:datafield><marc:datafield tag="852" ind1="4" ind2="1"><marc:subfield code="a">British Library</marc:subfield><marc:subfield code="b">HMNTS</marc:subfield><marc:subfield code="j">11791.a.35.(9.)</marc:subfield></marc:datafield><marc:datafield tag="886" ind1="2" ind2=" "><marc:subfield code="2">blmarc</marc:subfield><marc:subfield code="a">709</marc:subfield><marc:subfield code="b">00</marc:subfield><marc:subfield code="a">DUNLAP</marc:subfield><marc:subfield code="h">William</marc:subfield><marc:subfield code="p">11791.a.35.(9.)</marc:subfield><marc:subfield code="x">0892080213</marc:subfield></marc:datafield></marc:record>