
<marc:record><marc:leader>00685cam a22001573  4500</marc:leader>
<marc:controlfield tag="001">000006075</marc:controlfield>
<marc:controlfield tag="003">Uk</marc:controlfield><marc:controlfield tag="005">20130228180900.0</marc:controlfield><marc:controlfield tag="008">870813|1893|||||||    ||     ||| |||||  </marc:controlfield><marc:datafield tag="040" ind1=" " ind2=" "><marc:subfield code="a">Uk</marc:subfield><marc:subfield code="c">Uk</marc:subfield></marc:datafield><marc:datafield tag="100" ind1="1" ind2=" "><marc:subfield code="a">ABEL'S, German Thedorovich.</marc:subfield></marc:datafield><marc:datafield tag="245" ind1="1" ind2="0"><marc:subfield code="a">Суточный ходъ температуры снѣга и опредѣленіе зависимости между теплопроводностью снѣга и его плотностью..</marc:subfield></marc:datafield><marc:datafield tag="260" ind1=" " ind2=" "><marc:subfield code="a">Санктпетербургъ,</marc:subfield><marc:subfield code="c">1893.</marc:subfield></marc:datafield><marc:datafield tag="300" ind1=" " ind2=" "><marc:subfield code="a">65 p. ;</marc:subfield><marc:subfield code="c">8º.</marc:subfield></marc:datafield><marc:datafield tag="490" ind1="0" ind2=" "><marc:subfield code="a">[Записки Императорской Академіи Наукъ. Том. 72. Прил. но. 12.]</marc:subfield></marc:datafield><marc:datafield tag="852" ind1="4" ind2="1"><marc:subfield code="a">British Library</marc:subfield><marc:subfield code="b">HMNTS</marc:subfield><marc:subfield code="j">Ac.1125/48.</marc:subfield></marc:datafield></marc:record>