
<marc:record><marc:leader>00706cam a22001813  4500</marc:leader>
<marc:controlfield tag="001">000006083</marc:controlfield>
<marc:controlfield tag="003">Uk</marc:controlfield><marc:controlfield tag="005">20120511180400.0</marc:controlfield><marc:controlfield tag="008">870813|1900|||||||    ||     ||| |||||  </marc:controlfield><marc:datafield tag="040" ind1=" " ind2=" "><marc:subfield code="a">Uk</marc:subfield><marc:subfield code="c">Uk</marc:subfield></marc:datafield><marc:datafield tag="100" ind1="1" ind2=" "><marc:subfield code="a">ABELSDORFF, Walter.</marc:subfield></marc:datafield><marc:datafield tag="245" ind1="1" ind2="0"><marc:subfield code="a">Beiträge zur Sozialstatistik der deutschen Buchdrucker ... Mit einer Vorbemerkung von Max Weber, etc.</marc:subfield></marc:datafield><marc:datafield tag="260" ind1=" " ind2=" "><marc:subfield code="a">Tübingen ;</marc:subfield><marc:subfield code="a">Leipzig,</marc:subfield><marc:subfield code="c">1900.</marc:subfield></marc:datafield><marc:datafield tag="300" ind1=" " ind2=" "><marc:subfield code="a">xv, 66 p. ;</marc:subfield><marc:subfield code="c">8º.</marc:subfield></marc:datafield><marc:datafield tag="490" ind1="0" ind2=" "><marc:subfield code="a">[Volkswirthschaftliche Abhandlungen der Badischen Hochschulen. Bd. 4. Hft. 4.]</marc:subfield></marc:datafield><marc:datafield tag="700" ind1="1" ind2=" "><marc:subfield code="a">Weber, Max,</marc:subfield><marc:subfield code="d">1864-1920</marc:subfield></marc:datafield><marc:datafield tag="852" ind1="4" ind2="1"><marc:subfield code="a">British Library</marc:subfield><marc:subfield code="b">HMNTS</marc:subfield><marc:subfield code="j">8228.t.4.(4.)</marc:subfield></marc:datafield><marc:datafield tag="886" ind1="2" ind2=" "><marc:subfield code="2">blmarc</marc:subfield><marc:subfield code="a">709</marc:subfield><marc:subfield code="b">00</marc:subfield><marc:subfield code="a">WEBER</marc:subfield><marc:subfield code="h">Max</marc:subfield><marc:subfield code="f">Professor at the University of Heidelberg</marc:subfield><marc:subfield code="p">8228.t.4.(4.)</marc:subfield><marc:subfield code="x">3464710246</marc:subfield></marc:datafield></marc:record>