
<marc:record><marc:leader>00639cam a22001453  4500</marc:leader>
<marc:controlfield tag="001">000006134</marc:controlfield>
<marc:controlfield tag="003">Uk</marc:controlfield><marc:controlfield tag="005">20120420175200.0</marc:controlfield><marc:controlfield tag="008">870813|1881|||||||    ||     ||| |||||  </marc:controlfield><marc:datafield tag="040" ind1=" " ind2=" "><marc:subfield code="a">Uk</marc:subfield><marc:subfield code="c">Uk</marc:subfield></marc:datafield><marc:datafield tag="100" ind1="1" ind2=" "><marc:subfield code="a">ABENDANON, Jacques Henry.</marc:subfield></marc:datafield><marc:datafield tag="245" ind1="1" ind2="0"><marc:subfield code="a">De Nederlandsch-Indische Rechtspraak van 1849 tot 1880 (van 1881 tot 1891), eene verzameling der rechterlijke beslissingen, voorkomende in “Het Recht in Ned.-Indie” en het “Indisch Weekblad van het Recht” in verkorten vorm en systematische volgorde wedergegeven door Mr. J. H. Abendanon.</marc:subfield></marc:datafield><marc:datafield tag="260" ind1=" " ind2=" "><marc:subfield code="a">Batavia,</marc:subfield><marc:subfield code="c">1881, 92.</marc:subfield></marc:datafield><marc:datafield tag="300" ind1=" " ind2=" "><marc:subfield code="a">2 vol. ;</marc:subfield><marc:subfield code="c">4º.</marc:subfield></marc:datafield><marc:datafield tag="852" ind1="4" ind2="1"><marc:subfield code="a">British Library</marc:subfield><marc:subfield code="b">HMNTS</marc:subfield><marc:subfield code="j">5319.f.2.</marc:subfield></marc:datafield></marc:record>