
<marc:record><marc:leader>00552cam a22001453  4500</marc:leader>
<marc:controlfield tag="001">000006137</marc:controlfield>
<marc:controlfield tag="003">Uk</marc:controlfield><marc:controlfield tag="005">20120807182200.0</marc:controlfield><marc:controlfield tag="008">870813|1899|||||||    ||     ||| |||||  </marc:controlfield><marc:datafield tag="040" ind1=" " ind2=" "><marc:subfield code="a">Uk</marc:subfield><marc:subfield code="c">Uk</marc:subfield></marc:datafield><marc:datafield tag="100" ind1="0" ind2=" "><marc:subfield code="a">ABENDROTH,</marc:subfield><marc:subfield code="c">Feuerwercks-Hauptmann beim Stabe des Fussartillerie-Regiments Nr. 6.</marc:subfield></marc:datafield><marc:datafield tag="245" ind1="1" ind2="0"><marc:subfield code="a">Die Zünder der preussischen Artillerie in diesem Jahrhundert bis zur Einführung der Brisanzmunition, nach ihrer historischen Entwickelung, etc.</marc:subfield></marc:datafield><marc:datafield tag="260" ind1=" " ind2=" "><marc:subfield code="a">Neisse,</marc:subfield><marc:subfield code="c">1899.</marc:subfield></marc:datafield><marc:datafield tag="300" ind1=" " ind2=" "><marc:subfield code="a">64 p., 29 plates ;</marc:subfield><marc:subfield code="c">8º.</marc:subfield></marc:datafield><marc:datafield tag="852" ind1="4" ind2="1"><marc:subfield code="a">British Library</marc:subfield><marc:subfield code="b">HMNTS</marc:subfield><marc:subfield code="j">M.L.bb.55.</marc:subfield></marc:datafield></marc:record>