
<marc:record><marc:leader>00709cam a22001933  4500</marc:leader>
<marc:controlfield tag="001">000006174</marc:controlfield>
<marc:controlfield tag="003">Uk</marc:controlfield><marc:controlfield tag="005">20110224145400.0</marc:controlfield><marc:controlfield tag="008">870813|1882|||||||    ||     ||| |||||  </marc:controlfield><marc:datafield tag="040" ind1=" " ind2=" "><marc:subfield code="a">Uk</marc:subfield><marc:subfield code="c">Uk</marc:subfield></marc:datafield><marc:datafield tag="100" ind1="1" ind2=" "><marc:subfield code="a">ABENI, Luigi,</marc:subfield><marc:subfield code="c">the Elder .</marc:subfield></marc:datafield><marc:datafield tag="245" ind1="1" ind2="0"><marc:subfield code="a">Alcuni scritti d'economia e statistica agraria del defunto ing. L. A., raccolti e pubblicati a cura de' suoi nipoti G. e L. Abeni.</marc:subfield></marc:datafield><marc:datafield tag="260" ind1=" " ind2=" "><marc:subfield code="a">Brescia,</marc:subfield><marc:subfield code="c">1882.</marc:subfield></marc:datafield><marc:datafield tag="300" ind1=" " ind2=" "><marc:subfield code="a">192 p. ;</marc:subfield><marc:subfield code="c">8º.</marc:subfield></marc:datafield><marc:datafield tag="700" ind1="1" ind2=" "><marc:subfield code="a">ABENI, Giuseppe.</marc:subfield></marc:datafield><marc:datafield tag="700" ind1="1" ind2=" "><marc:subfield code="a">ABENI, Luigi,</marc:subfield><marc:subfield code="c">the Younger .</marc:subfield></marc:datafield><marc:datafield tag="852" ind1="4" ind2="1"><marc:subfield code="a">British Library</marc:subfield><marc:subfield code="b">HMNTS</marc:subfield><marc:subfield code="j">8229.de.27.</marc:subfield></marc:datafield><marc:datafield tag="886" ind1="2" ind2=" "><marc:subfield code="2">blmarc</marc:subfield><marc:subfield code="a">709</marc:subfield><marc:subfield code="b">00</marc:subfield><marc:subfield code="a">ABENI</marc:subfield><marc:subfield code="h">Giuseppe</marc:subfield><marc:subfield code="p">8229.de.27.</marc:subfield><marc:subfield code="x">0012720143</marc:subfield></marc:datafield><marc:datafield tag="886" ind1="2" ind2=" "><marc:subfield code="2">blmarc</marc:subfield><marc:subfield code="a">709</marc:subfield><marc:subfield code="b">00</marc:subfield><marc:subfield code="a">ABENI</marc:subfield><marc:subfield code="h">Luigi</marc:subfield><marc:subfield code="f">the Younger</marc:subfield><marc:subfield code="p">8229.de.27.</marc:subfield><marc:subfield code="x">001272016X</marc:subfield></marc:datafield></marc:record>