
<marc:record><marc:leader>00881cam a22001693  4500</marc:leader>
<marc:controlfield tag="001">000006180</marc:controlfield>
<marc:controlfield tag="003">Uk</marc:controlfield><marc:controlfield tag="005">20110119132200.0</marc:controlfield><marc:controlfield tag="008">870813|1808|||||||    ||    |||| |||||  </marc:controlfield><marc:datafield tag="040" ind1=" " ind2=" "><marc:subfield code="a">Uk</marc:subfield><marc:subfield code="c">Uk</marc:subfield></marc:datafield><marc:datafield tag="245" ind1="1" ind2="0"><marc:subfield code="a">Proclama á los Españoles, y á la Europa entera, del Africano Numida Abennumeya Rasis ... sobre el verdadero carácter de la revolucion francesa y de su Xefe Napoleon, y sobre la conducta que deben guardar todos los gobiernos en hacer causa comun con los Españoles para destruir el de una gente enemiga ... de todas las instituciones sociales. Obra traducida del Arabe [or rather written] por D. M. S. G. S.</marc:subfield></marc:datafield><marc:datafield tag="260" ind1=" " ind2=" "><marc:subfield code="a">Cádiz,</marc:subfield><marc:subfield code="c">1808.</marc:subfield></marc:datafield><marc:datafield tag="300" ind1=" " ind2=" "><marc:subfield code="a">36 p. ;</marc:subfield><marc:subfield code="c">4º.</marc:subfield></marc:datafield><marc:datafield tag="700" ind1="1" ind2=" "><marc:subfield code="a">S., D. M. S. G.</marc:subfield></marc:datafield><marc:datafield tag="720" ind1=" " ind2=" "><marc:subfield code="a">ABENNUMEYA RASIS, pseud.</marc:subfield><marc:subfield code="e">main entry</marc:subfield></marc:datafield><marc:datafield tag="852" ind1="4" ind2="1"><marc:subfield code="a">British Library</marc:subfield><marc:subfield code="b">HMNTS</marc:subfield><marc:subfield code="j">9180.c.10.(46.)</marc:subfield></marc:datafield><marc:datafield tag="886" ind1="2" ind2=" "><marc:subfield code="2">blmarc</marc:subfield><marc:subfield code="a">709</marc:subfield><marc:subfield code="b">00</marc:subfield><marc:subfield code="a">S.</marc:subfield><marc:subfield code="h">D. M. S. G.</marc:subfield><marc:subfield code="p">9180.c.10.(46.)</marc:subfield><marc:subfield code="x">2862810029</marc:subfield></marc:datafield></marc:record>