
<marc:record><marc:leader>00491cam a22001453  4500</marc:leader>
<marc:controlfield tag="001">000006206</marc:controlfield>
<marc:controlfield tag="003">Uk</marc:controlfield><marc:controlfield tag="005">20110224145400.0</marc:controlfield><marc:controlfield tag="008">870813|1856|||||||    ||     ||| |||||  </marc:controlfield><marc:datafield tag="040" ind1=" " ind2=" "><marc:subfield code="a">Uk</marc:subfield><marc:subfield code="c">Uk</marc:subfield></marc:datafield><marc:datafield tag="110" ind1="2" ind2=" "><marc:subfield code="a">Aberaman Union Friendly Society (ABERAMAN)</marc:subfield></marc:datafield><marc:datafield tag="245" ind1="1" ind2="0"><marc:subfield code="a">Rules of the Aberaman Union Friendly Society, held at the Lamb and Flag Inn, Treaman ... Revised by order of the Committee, etc.</marc:subfield></marc:datafield><marc:datafield tag="260" ind1=" " ind2=" "><marc:subfield code="a">Aberdare,</marc:subfield><marc:subfield code="c">1856.</marc:subfield></marc:datafield><marc:datafield tag="300" ind1=" " ind2=" "><marc:subfield code="a">19 p. ;</marc:subfield><marc:subfield code="c">12º.</marc:subfield></marc:datafield><marc:datafield tag="852" ind1="4" ind2="1"><marc:subfield code="a">British Library</marc:subfield><marc:subfield code="b">HMNTS</marc:subfield><marc:subfield code="j">4460.h.8.(30.)</marc:subfield></marc:datafield></marc:record>