
<marc:record><marc:leader>02443cam a22003493  4500</marc:leader>
<marc:controlfield tag="001">000006218</marc:controlfield>
<marc:controlfield tag="003">Uk</marc:controlfield><marc:controlfield tag="005">20110708182600.0</marc:controlfield><marc:controlfield tag="008">030917s1847    enk    ||     000 ||eng  </marc:controlfield><marc:datafield tag="040" ind1=" " ind2=" "><marc:subfield code="a">Uk</marc:subfield><marc:subfield code="c">Uk</marc:subfield></marc:datafield><marc:datafield tag="110" ind1="2" ind2=" "><marc:subfield code="a">Camden Society (Great Britain)</marc:subfield></marc:datafield><marc:datafield tag="245" ind1="1" ind2="4"><marc:subfield code="a">The Camden Miscellany Volume 1.</marc:subfield></marc:datafield><marc:datafield tag="260" ind1=" " ind2=" "><marc:subfield code="a">London,</marc:subfield><marc:subfield code="c">1847.</marc:subfield></marc:datafield><marc:datafield tag="300" ind1=" " ind2=" "><marc:subfield code="c">4º.</marc:subfield></marc:datafield><marc:datafield tag="490" ind1="0" ind2=" "><marc:subfield code="a">(Camden; old ser., v. 39.)</marc:subfield></marc:datafield><marc:datafield tag="500" ind1=" " ind2=" "><marc:subfield code="a">Contents: 1. Register and Chronicle of the Abbey of Aberconway; from the Harleian ms. 3725 / edited by Sir Henry Ellis - 2. Chronicle of the Rebellion in Lincolnshire, 1470: by Sir T. Coningsby / edited by J.G. Nichols - 3. Bull of Pope Innocent VIII on the marriage of Henry VII with Elizabeth of York / communicated by J.P. Collier - 4. Journal of the Siege of Rouen, 1591: by Sir T. Coningsby / edited by J.G. Nichols - 5. Letter from G. Fleetwood to his father, giving an account of the Battle of Lutzen and the death of Gustavus Adolphus / edited by Sir P. de Malpas Grey Egerton - 6. Diary of Dr. Edward Lake, Archdeacon and Prebendary of Exeter, chaplain and tutor to the Princesses Mary and Anne, daughters of the Duke of York, afterwards James II, in the years 1677-1678 / edited by G.P. Elliott.</marc:subfield></marc:datafield><marc:datafield tag="700" ind1="1" ind2=" "><marc:subfield code="a">Collier, John Payne,</marc:subfield><marc:subfield code="d">1789-1883</marc:subfield><marc:subfield code="t">Works edited or translated by Collier.</marc:subfield></marc:datafield><marc:datafield tag="700" ind1="1" ind2=" "><marc:subfield code="a">CONINGSBY, Thomas,</marc:subfield><marc:subfield code="c">Sir.</marc:subfield><marc:subfield code="t">Chronicle of the Rebellion in Lincolnshire, 1470.</marc:subfield></marc:datafield><marc:datafield tag="700" ind1="1" ind2=" "><marc:subfield code="a">CONINGSBY, Thomas,</marc:subfield><marc:subfield code="c">Sir.</marc:subfield><marc:subfield code="t">Journal of the Siege of Rouen, 1591.</marc:subfield></marc:datafield><marc:datafield tag="700" ind1="1" ind2=" "><marc:subfield code="a">EGERTON, Philip de Malpas Grey,</marc:subfield><marc:subfield code="c">Sir,</marc:subfield><marc:subfield code="c">Bart.</marc:subfield></marc:datafield><marc:datafield tag="700" ind1="1" ind2=" "><marc:subfield code="a">ELLIOTT, George Percy.</marc:subfield></marc:datafield><marc:datafield tag="700" ind1="1" ind2=" "><marc:subfield code="a">Ellis, Henry,</marc:subfield><marc:subfield code="d">1777-1869.</marc:subfield></marc:datafield><marc:datafield tag="700" ind1="1" ind2=" "><marc:subfield code="a">FLEETWOOD, George,</marc:subfield><marc:subfield code="c">Baron.</marc:subfield><marc:subfield code="t">Letter from G. Fleetwood to his father, giving an account of the Battle of Lutzen and the death of Gustavus Adolphus.</marc:subfield></marc:datafield><marc:datafield tag="700" ind1="1" ind2=" "><marc:subfield code="a">LAKE, Edward,</marc:subfield><marc:subfield code="c">D.D..</marc:subfield><marc:subfield code="t">Diary of Dr. E. Lake in the years 1677-1678.</marc:subfield></marc:datafield><marc:datafield tag="700" ind1="1" ind2=" "><marc:subfield code="a">Nichols, John Gough,</marc:subfield><marc:subfield code="d">1806-1873</marc:subfield></marc:datafield><marc:datafield tag="710" ind1="2" ind2=" "><marc:subfield code="a">Catholic Church.</marc:subfield><marc:subfield code="b">Pope (1484-1492 : Innocent VIII)</marc:subfield><marc:subfield code="t">Bull of Pope Innocent VIII on the marriage of Henry VII with Elizabeth of York.</marc:subfield></marc:datafield><marc:datafield tag="720" ind1=" " ind2=" "><marc:subfield code="a">ABERCONWAY, Abbey of. Register and Chronicle of the Abbey of Aberconway; from the Harleian ms. 3725.</marc:subfield></marc:datafield><marc:datafield tag="720" ind1=" " ind2=" "><marc:subfield code="a">ELIZABETH [of York], Queen Consort of Henry VII., King of England</marc:subfield></marc:datafield><marc:datafield tag="720" ind1=" " ind2=" "><marc:subfield code="a">Gustav</marc:subfield><marc:subfield code="b">II Adolf,</marc:subfield><marc:subfield code="c">King of Sweden,</marc:subfield><marc:subfield code="d">1594-1632.</marc:subfield></marc:datafield><marc:datafield tag="720" ind1=" " ind2=" "><marc:subfield code="a">Henry</marc:subfield><marc:subfield code="b">VII,</marc:subfield><marc:subfield code="c">King of England,</marc:subfield><marc:subfield code="d">1457-1509.</marc:subfield></marc:datafield><marc:datafield tag="720" ind1=" " ind2=" "><marc:subfield code="a">LINCOLN, County of. Appendix</marc:subfield></marc:datafield><marc:datafield tag="852" ind1="4" ind2="1"><marc:subfield code="a">British Library</marc:subfield><marc:subfield code="b">HMNTS</marc:subfield><marc:subfield code="j">Ac.8113/39.[1.]</marc:subfield></marc:datafield></marc:record>