
<marc:record><marc:leader>00904cam a22001693  4500</marc:leader>
<marc:controlfield tag="001">000006255</marc:controlfield>
<marc:controlfield tag="003">Uk</marc:controlfield><marc:controlfield tag="005">20110119132200.0</marc:controlfield><marc:controlfield tag="008">870813|1800|||||||    ||     ||| |||||  </marc:controlfield><marc:datafield tag="040" ind1=" " ind2=" "><marc:subfield code="a">Uk</marc:subfield><marc:subfield code="c">Uk</marc:subfield></marc:datafield><marc:datafield tag="100" ind1="1" ind2=" "><marc:subfield code="a">ABERCROMBIE, John,</marc:subfield><marc:subfield code="c">Horticulturist.</marc:subfield></marc:datafield><marc:datafield tag="245" ind1="1" ind2="0"><marc:subfield code="a">[Every Man his own Gardener ... By Thomas Mawe ... J. Abercrombie and other gardeners [or rather, by J. Abercrombie]. The fourteenth edition, corrected, and greatly enlarged, etc.]</marc:subfield></marc:datafield><marc:datafield tag="250" ind1=" " ind2=" "><marc:subfield code="a">The sixteenth edition, corrected and greatly enlarged, etc.</marc:subfield></marc:datafield><marc:datafield tag="260" ind1=" " ind2=" "><marc:subfield code="a">pp. vii. 758. J. Johnson; G. G. &amp; J. Robinson, etc.: London, 1800.</marc:subfield></marc:datafield><marc:datafield tag="300" ind1=" " ind2=" "><marc:subfield code="a">12º.</marc:subfield></marc:datafield><marc:datafield tag="787" ind1="0" ind2=" "><marc:subfield code="t">Every Man his own Gardener ... By Thomas Mawe ... J. Abercrombie and other gardeners [or rather, by J. Abercrombie]. The fourteenth edition, corrected, and greatly enlarged, etc.</marc:subfield><marc:subfield code="d">pp. 626. P. Byrne: Dublin, 1798. 12º.</marc:subfield><marc:subfield code="w">(Uk)MP1.0000006746</marc:subfield></marc:datafield><marc:datafield tag="852" ind1="4" ind2="1"><marc:subfield code="a">British Library</marc:subfield><marc:subfield code="b">HMNTS</marc:subfield><marc:subfield code="j">7028.bb.4.</marc:subfield></marc:datafield></marc:record>