
<marc:record><marc:leader>00838cam a22001693  4500</marc:leader>
<marc:controlfield tag="001">000006257</marc:controlfield>
<marc:controlfield tag="003">Uk</marc:controlfield><marc:controlfield tag="005">20110119132200.0</marc:controlfield><marc:controlfield tag="008">870813|1805|||||||    ||     ||| |||||  </marc:controlfield><marc:datafield tag="040" ind1=" " ind2=" "><marc:subfield code="a">Uk</marc:subfield><marc:subfield code="c">Uk</marc:subfield></marc:datafield><marc:datafield tag="100" ind1="1" ind2=" "><marc:subfield code="a">ABERCROMBIE, John,</marc:subfield><marc:subfield code="c">Horticulturist.</marc:subfield></marc:datafield><marc:datafield tag="245" ind1="1" ind2="0"><marc:subfield code="a">[Every Man his own Gardener ... By Thomas Mawe ... and J. Abercrombie [or rather, by J. Abercrombie alone] ... The seventeenth edition, etc.]</marc:subfield></marc:datafield><marc:datafield tag="250" ind1=" " ind2=" "><marc:subfield code="a">The eighteenth edition, corrected and greatly enlarged, etc.</marc:subfield></marc:datafield><marc:datafield tag="260" ind1=" " ind2=" "><marc:subfield code="a">pp. vii. 758. J. Johnson; R. Baldwin, etc.: London, 1805.</marc:subfield></marc:datafield><marc:datafield tag="300" ind1=" " ind2=" "><marc:subfield code="a">12º.</marc:subfield></marc:datafield><marc:datafield tag="787" ind1="0" ind2=" "><marc:subfield code="t">Every Man his own Gardener ... By Thomas Mawe ... and J. Abercrombie [or rather, by J. Abercrombie alone] ... The seventeenth edition, etc.</marc:subfield><marc:subfield code="d">pp. vii. 758. J. Johnson [and others]: London, 1803. 12º.</marc:subfield><marc:subfield code="w">(Uk)MP1.0000006747</marc:subfield></marc:datafield><marc:datafield tag="852" ind1="4" ind2="1"><marc:subfield code="a">British Library</marc:subfield><marc:subfield code="b">HMNTS</marc:subfield><marc:subfield code="j">7054.b.24.</marc:subfield></marc:datafield></marc:record>