
<marc:record><marc:leader>00844cam a22001693  4500</marc:leader>
<marc:controlfield tag="001">000006260</marc:controlfield>
<marc:controlfield tag="003">Uk</marc:controlfield><marc:controlfield tag="005">20110119132200.0</marc:controlfield><marc:controlfield tag="008">870813|1818|||||||    ||     ||| |||||  </marc:controlfield><marc:datafield tag="040" ind1=" " ind2=" "><marc:subfield code="a">Uk</marc:subfield><marc:subfield code="c">Uk</marc:subfield></marc:datafield><marc:datafield tag="100" ind1="1" ind2=" "><marc:subfield code="a">ABERCROMBIE, John,</marc:subfield><marc:subfield code="c">Horticulturist.</marc:subfield></marc:datafield><marc:datafield tag="245" ind1="1" ind2="0"><marc:subfield code="a">[Every Man his own Gardener ... By Thomas Mawe ... and John Abercrombie [or rather, by J. Abercrombie alone] ... The twentieth edition, etc.]</marc:subfield></marc:datafield><marc:datafield tag="250" ind1=" " ind2=" "><marc:subfield code="a">The twenty-first edition, with great improvements, etc.</marc:subfield></marc:datafield><marc:datafield tag="260" ind1=" " ind2=" "><marc:subfield code="a">pp. vii. 727. F. C. &amp; J. Rivington; G. Wilkie, etc.: London, 1818.</marc:subfield></marc:datafield><marc:datafield tag="300" ind1=" " ind2=" "><marc:subfield code="a">12º.</marc:subfield></marc:datafield><marc:datafield tag="787" ind1="0" ind2=" "><marc:subfield code="t">Every Man his own Gardener ... By Thomas Mawe ... and John Abercrombie [or rather, by J. Abercrombie alone] ... The twentieth edition, etc.</marc:subfield><marc:subfield code="d">pp. vi. 812. F. C. &amp; J. Rivington, etc.: London, 1813. 12º.</marc:subfield><marc:subfield code="w">(Uk)MP1.0000006749</marc:subfield></marc:datafield><marc:datafield tag="852" ind1="4" ind2="1"><marc:subfield code="a">British Library</marc:subfield><marc:subfield code="b">HMNTS</marc:subfield><marc:subfield code="j">7073.aa.3.</marc:subfield></marc:datafield></marc:record>