
<marc:record><marc:leader>01709cam a22002173  4500</marc:leader>
<marc:controlfield tag="001">000006263</marc:controlfield>
<marc:controlfield tag="003">Uk</marc:controlfield><marc:controlfield tag="005">20110119132200.0</marc:controlfield><marc:controlfield tag="008">000215|1829|||||||    ||     ||| |||||  </marc:controlfield><marc:datafield tag="040" ind1=" " ind2=" "><marc:subfield code="a">Uk</marc:subfield><marc:subfield code="c">Uk</marc:subfield></marc:datafield><marc:datafield tag="100" ind1="1" ind2=" "><marc:subfield code="a">ABERCROMBIE, John,</marc:subfield><marc:subfield code="c">Horticulturist.</marc:subfield></marc:datafield><marc:datafield tag="245" ind1="1" ind2="0"><marc:subfield code="a">Everyman his own Gardener ... By Thomas Mawe, and J. Abercrombie [or rather, by J. Abercrombie alone]. The twenty-third edition ... By James Main.</marc:subfield></marc:datafield><marc:datafield tag="260" ind1=" " ind2=" "><marc:subfield code="a">pp. vii. 688. C. J. G. &amp; F. Rivington, etc.: London, 1829.</marc:subfield></marc:datafield><marc:datafield tag="300" ind1=" " ind2=" "><marc:subfield code="a">12º.</marc:subfield></marc:datafield><marc:datafield tag="700" ind1="1" ind2=" "><marc:subfield code="a">MAIN, James,</marc:subfield><marc:subfield code="c">A.L.S.</marc:subfield></marc:datafield><marc:datafield tag="775" ind1="0" ind2=" "><marc:subfield code="t">[Everyman his own Gardener ... By Thomas Mawe, and J. Abercrombie [or rather, by J. Abercrombie alone]. The twenty-third edition ... By James Main.]</marc:subfield><marc:subfield code="d">pp. xvi. 415. Longman &amp; Co.; J. M. Richardson, etc.: London, 1848. 12º.</marc:subfield><marc:subfield code="w">(Uk)MP1.0000006752.1</marc:subfield></marc:datafield><marc:datafield tag="775" ind1="0" ind2=" "><marc:subfield code="t">[Everyman his own Gardener ... By Thomas Mawe, and J. Abercrombie [or rather, by J. Abercrombie alone]. The twenty-third edition ... By James Main.]</marc:subfield><marc:subfield code="d">pp. xx. 459. Longman &amp; Co.; Simpkin &amp; Co., etc.: London, 1857. 12º.</marc:subfield><marc:subfield code="w">(Uk)MP1.0000006752.2</marc:subfield></marc:datafield><marc:datafield tag="775" ind1="0" ind2=" "><marc:subfield code="t">[Everyman his own Gardener ... By Thomas Mawe, and J. Abercrombie [or rather, by J. Abercrombie alone]. The twenty-third edition ... By James Main.]</marc:subfield><marc:subfield code="d">pp. 720. W. Tegg &amp; Co.: London, 1857. 12º.</marc:subfield><marc:subfield code="w">(Uk)MP1.0000006752.3</marc:subfield></marc:datafield><marc:datafield tag="775" ind1="0" ind2=" "><marc:subfield code="t">[Everyman his own Gardener ... By Thomas Mawe, and J. Abercrombie [or rather, by J. Abercrombie alone]. The twenty-third edition ... By James Main.]</marc:subfield><marc:subfield code="d">[London:] William Tegg &amp; Co., London, 1879. [4], 720 pp., [1] leaf of plate. (12º); 19 cm.</marc:subfield><marc:subfield code="w">(Uk)MP1.0000006752.4</marc:subfield></marc:datafield><marc:datafield tag="852" ind1="4" ind2="1"><marc:subfield code="a">British Library</marc:subfield><marc:subfield code="b">HMNTS</marc:subfield><marc:subfield code="j">7035.a.78.</marc:subfield></marc:datafield><marc:datafield tag="886" ind1="2" ind2=" "><marc:subfield code="2">blmarc</marc:subfield><marc:subfield code="a">709</marc:subfield><marc:subfield code="b">00</marc:subfield><marc:subfield code="a">MAIN</marc:subfield><marc:subfield code="h">James</marc:subfield><marc:subfield code="f">A.L.S.</marc:subfield><marc:subfield code="p">7035.a.78.</marc:subfield><marc:subfield code="x">2081950111</marc:subfield><marc:subfield code="p">7055.c.4.</marc:subfield><marc:subfield code="p">7055.e.1.</marc:subfield><marc:subfield code="x">208195012X</marc:subfield></marc:datafield></marc:record>