
<marc:record><marc:leader>01139cam a22001933  4500</marc:leader>
<marc:controlfield tag="001">000006266</marc:controlfield>
<marc:controlfield tag="003">Uk</marc:controlfield><marc:controlfield tag="005">20111222151700.0</marc:controlfield><marc:controlfield tag="008">000215|1857|||||||    ||     ||| |||||  </marc:controlfield><marc:datafield tag="040" ind1=" " ind2=" "><marc:subfield code="a">Uk</marc:subfield><marc:subfield code="c">Uk</marc:subfield></marc:datafield><marc:datafield tag="100" ind1="1" ind2=" "><marc:subfield code="a">ABERCROMBIE, John,</marc:subfield><marc:subfield code="c">Horticulturist.</marc:subfield></marc:datafield><marc:datafield tag="245" ind1="1" ind2="0"><marc:subfield code="a">[Everyman his own Gardener ... By Thomas Mawe, and J. Abercrombie [or rather, by J. Abercrombie alone]. The twenty-third edition ... By James Main.]</marc:subfield></marc:datafield><marc:datafield tag="250" ind1=" " ind2=" "><marc:subfield code="a">A revised and improved edition. With an appendix on forcing, by William Gowans ... and a treatise on drawing-room gardening, Wardian cases, aquariums, and Fern-culture. By George Glenny.</marc:subfield></marc:datafield><marc:datafield tag="260" ind1=" " ind2=" "><marc:subfield code="a">London :</marc:subfield><marc:subfield code="b">W. Tegg &amp; Co.,</marc:subfield><marc:subfield code="c">1857.</marc:subfield></marc:datafield><marc:datafield tag="300" ind1=" " ind2=" "><marc:subfield code="a">720 p. ;</marc:subfield><marc:subfield code="c">12º.</marc:subfield></marc:datafield><marc:datafield tag="700" ind1="1" ind2=" "><marc:subfield code="a">GLENNY, George,</marc:subfield><marc:subfield code="c">the Elder.</marc:subfield></marc:datafield><marc:datafield tag="787" ind1="0" ind2=" "><marc:subfield code="t">Everyman his own Gardener ... By Thomas Mawe, and J. Abercrombie [or rather, by J. Abercrombie alone]. The twenty-third edition ... By James Main.</marc:subfield><marc:subfield code="d">pp. vii. 688. C. J. G. &amp; F. Rivington, etc.: London, 1829. 12º.</marc:subfield><marc:subfield code="w">(Uk)MP1.0000006752</marc:subfield></marc:datafield><marc:datafield tag="852" ind1="4" ind2="1"><marc:subfield code="a">British Library</marc:subfield><marc:subfield code="b">HMNTS</marc:subfield><marc:subfield code="j">7055.c.3.</marc:subfield></marc:datafield><marc:datafield tag="886" ind1="2" ind2=" "><marc:subfield code="2">blmarc</marc:subfield><marc:subfield code="a">709</marc:subfield><marc:subfield code="b">00</marc:subfield><marc:subfield code="a">GLENNY</marc:subfield><marc:subfield code="h">George</marc:subfield><marc:subfield code="f">the Elder</marc:subfield><marc:subfield code="p">7055.c.3.</marc:subfield><marc:subfield code="x">1262270235</marc:subfield><marc:subfield code="p">7055.c.4.</marc:subfield><marc:subfield code="x">1262270227</marc:subfield><marc:subfield code="p">7055.e.1.</marc:subfield><marc:subfield code="x">1262270219</marc:subfield></marc:datafield></marc:record>