
<marc:record><marc:leader>01018cam a22001813  4500</marc:leader>
<marc:controlfield tag="001">000006267</marc:controlfield>
<marc:controlfield tag="003">Uk</marc:controlfield><marc:controlfield tag="005">20110119132200.0</marc:controlfield><marc:controlfield tag="008">000215|1879|||||||    ||     ||| |||||  </marc:controlfield><marc:datafield tag="040" ind1=" " ind2=" "><marc:subfield code="a">Uk</marc:subfield><marc:subfield code="c">Uk</marc:subfield></marc:datafield><marc:datafield tag="100" ind1="1" ind2=" "><marc:subfield code="a">ABERCROMBIE, John,</marc:subfield><marc:subfield code="c">Horticulturist.</marc:subfield></marc:datafield><marc:datafield tag="245" ind1="1" ind2="0"><marc:subfield code="a">[Everyman his own Gardener ... By Thomas Mawe, and J. Abercrombie [or rather, by J. Abercrombie alone]. The twenty-third edition ... By James Main.]</marc:subfield></marc:datafield><marc:datafield tag="250" ind1=" " ind2=" "><marc:subfield code="a">[Another edition.] The complete gardener, or monthly calendar of work to be done in the kitchen, fruit, flower, and forcing garden, &amp;c., etc.</marc:subfield></marc:datafield><marc:datafield tag="260" ind1=" " ind2=" "><marc:subfield code="a">[London:] William Tegg &amp; Co., London, 1879.</marc:subfield></marc:datafield><marc:datafield tag="300" ind1=" " ind2=" "><marc:subfield code="a">[4], 720 pp., [1] leaf of plate. (12º); 19 cm.</marc:subfield></marc:datafield><marc:datafield tag="500" ind1=" " ind2=" "><marc:subfield code="a">With the bookplate of Sankey.</marc:subfield></marc:datafield><marc:datafield tag="787" ind1="0" ind2=" "><marc:subfield code="t">Everyman his own Gardener ... By Thomas Mawe, and J. Abercrombie [or rather, by J. Abercrombie alone]. The twenty-third edition ... By James Main.</marc:subfield><marc:subfield code="d">pp. vii. 688. C. J. G. &amp; F. Rivington, etc.: London, 1829. 12º.</marc:subfield><marc:subfield code="w">(Uk)MP1.0000006752</marc:subfield></marc:datafield><marc:datafield tag="852" ind1="4" ind2="1"><marc:subfield code="a">British Library</marc:subfield><marc:subfield code="b">HMNTS</marc:subfield><marc:subfield code="j">YA.2000.a.1711.</marc:subfield></marc:datafield></marc:record>