
<marc:record><marc:leader>01170cam a22001813  4500</marc:leader>
<marc:controlfield tag="001">000006271</marc:controlfield>
<marc:controlfield tag="003">Uk</marc:controlfield><marc:controlfield tag="005">20130715184800.0</marc:controlfield><marc:controlfield tag="008">870813|1818||||enk    ||     ||| ||eng  </marc:controlfield><marc:datafield tag="040" ind1=" " ind2=" "><marc:subfield code="a">Uk</marc:subfield><marc:subfield code="c">Uk</marc:subfield></marc:datafield><marc:datafield tag="100" ind1="1" ind2=" "><marc:subfield code="a">ABERCROMBIE, John,</marc:subfield><marc:subfield code="c">Horticulturist.</marc:subfield></marc:datafield><marc:datafield tag="245" ind1="1" ind2="4"><marc:subfield code="a">The Gardener's Companion, or Horticultural Calendar ... Being a monthly index or remembrancer, according to the divisions of Abercrombie's “Practical Gardener” ... To which is annexed ... The Garden-Seed and Plant Estimate ... Edited from an original manuscript of J. Abercrombie ... byJ. Mean.</marc:subfield></marc:datafield><marc:datafield tag="260" ind1=" " ind2=" "><marc:subfield code="a">London :</marc:subfield><marc:subfield code="b">T. Cadell &amp; W. Davies,</marc:subfield><marc:subfield code="c">1818.</marc:subfield></marc:datafield><marc:datafield tag="300" ind1=" " ind2=" "><marc:subfield code="a">2 pt. ;</marc:subfield><marc:subfield code="c">12º.</marc:subfield></marc:datafield><marc:datafield tag="700" ind1="1" ind2=" "><marc:subfield code="a">MEAN, James.</marc:subfield></marc:datafield><marc:datafield tag="775" ind1="0" ind2=" "><marc:subfield code="t">[The Gardener's Companion, or Horticultural Calendar ... Being a monthly index or remembrancer, according to the divisions of Abercrombie's “Practical Gardener” ... To which is annexed ... The Garden-Seed and Plant Estimate ... Edited from an original manuscript of J. Abercrombie ... byJ. Mean.]</marc:subfield><marc:subfield code="d">2 pt. T. Cadell: London, 1822. 12º.</marc:subfield><marc:subfield code="w">(Uk)MP1.0000006757.1</marc:subfield></marc:datafield><marc:datafield tag="852" ind1="4" ind2="1"><marc:subfield code="a">British Library</marc:subfield><marc:subfield code="b">HMNTS</marc:subfield><marc:subfield code="j">969.a.22.</marc:subfield></marc:datafield><marc:datafield tag="886" ind1="2" ind2=" "><marc:subfield code="2">blmarc</marc:subfield><marc:subfield code="a">709</marc:subfield><marc:subfield code="b">00</marc:subfield><marc:subfield code="a">MEAN</marc:subfield><marc:subfield code="h">James</marc:subfield><marc:subfield code="p">7033.a.12.</marc:subfield><marc:subfield code="x">216444017X</marc:subfield><marc:subfield code="p">969.a.22.</marc:subfield><marc:subfield code="x">216444017X</marc:subfield></marc:datafield></marc:record>