
<marc:record><marc:leader>00719cam a22001693  4500</marc:leader>
<marc:controlfield tag="001">000006277</marc:controlfield>
<marc:controlfield tag="003">Uk</marc:controlfield><marc:controlfield tag="005">20120203162600.0</marc:controlfield><marc:controlfield tag="008">870813|1804|||||||    ||     ||| ||eng  </marc:controlfield><marc:datafield tag="040" ind1=" " ind2=" "><marc:subfield code="a">Uk</marc:subfield><marc:subfield code="c">Uk</marc:subfield></marc:datafield><marc:datafield tag="100" ind1="1" ind2=" "><marc:subfield code="a">ABERCROMBIE, John,</marc:subfield><marc:subfield code="c">Horticulturist.</marc:subfield></marc:datafield><marc:datafield tag="245" ind1="1" ind2="4"><marc:subfield code="a">The Gardener's Pocket Journal ... Eighth edition, etc.</marc:subfield></marc:datafield><marc:datafield tag="260" ind1=" " ind2=" "><marc:subfield code="a">London :</marc:subfield><marc:subfield code="b">B. Crosby &amp; Co.,</marc:subfield><marc:subfield code="c">1804.</marc:subfield></marc:datafield><marc:datafield tag="300" ind1=" " ind2=" "><marc:subfield code="a">ii, 355 p. ;</marc:subfield><marc:subfield code="c">12º.</marc:subfield></marc:datafield><marc:datafield tag="775" ind1="0" ind2=" "><marc:subfield code="t">[The Gardener's Pocket Journal ... Eighth edition, etc.]</marc:subfield><marc:subfield code="d">pp. 322. B. Crosby &amp; Co.: London, 1808. 12º.</marc:subfield><marc:subfield code="w">(Uk)MP1.0000006761.1</marc:subfield></marc:datafield><marc:datafield tag="775" ind1="0" ind2=" "><marc:subfield code="t">[The Gardener's Pocket Journal ... Eighth edition, etc.]</marc:subfield><marc:subfield code="d">pp. 324. Baldwin, Cradock &amp; Joy: London, 1815. 12º.</marc:subfield><marc:subfield code="w">(Uk)MP1.0000006761.2</marc:subfield></marc:datafield><marc:datafield tag="852" ind1="4" ind2="1"><marc:subfield code="a">British Library</marc:subfield><marc:subfield code="b">HMNTS</marc:subfield><marc:subfield code="j">7035.a.29.</marc:subfield></marc:datafield></marc:record>