
<marc:record><marc:leader>00693cam a22001573  4500</marc:leader>
<marc:controlfield tag="001">000006280</marc:controlfield>
<marc:controlfield tag="003">Uk</marc:controlfield><marc:controlfield tag="005">20111222151700.0</marc:controlfield><marc:controlfield tag="008">870813|1831|||||||    ||     ||| ||eng  </marc:controlfield><marc:datafield tag="040" ind1=" " ind2=" "><marc:subfield code="a">Uk</marc:subfield><marc:subfield code="c">Uk</marc:subfield></marc:datafield><marc:datafield tag="100" ind1="1" ind2=" "><marc:subfield code="a">ABERCROMBIE, John,</marc:subfield><marc:subfield code="c">Horticulturist.</marc:subfield></marc:datafield><marc:datafield tag="245" ind1="1" ind2="4"><marc:subfield code="a">The Gardener's Pocket Journal, and daily assistant in the modern practice of English gardening ... Twentieth edition.</marc:subfield></marc:datafield><marc:datafield tag="260" ind1=" " ind2=" "><marc:subfield code="a">London :</marc:subfield><marc:subfield code="b">Baldwin &amp; Cradock,</marc:subfield><marc:subfield code="c">1831.</marc:subfield></marc:datafield><marc:datafield tag="300" ind1=" " ind2=" "><marc:subfield code="a">282 p. ;</marc:subfield><marc:subfield code="c">12º.</marc:subfield></marc:datafield><marc:datafield tag="775" ind1="0" ind2=" "><marc:subfield code="t">[The Gardener's Pocket Journal, and daily assistant in the modern practice of English gardening ... Twentieth edition.]</marc:subfield><marc:subfield code="d">pp. 324. W. Tegg &amp; Co.: London, 1857. 12º.</marc:subfield><marc:subfield code="w">(Uk)MP1.0000006762.1</marc:subfield></marc:datafield><marc:datafield tag="852" ind1="4" ind2="1"><marc:subfield code="a">British Library</marc:subfield><marc:subfield code="b">HMNTS</marc:subfield><marc:subfield code="j">X.319/2018.</marc:subfield></marc:datafield></marc:record>