
<marc:record><marc:leader>00834cam a22001693  4500</marc:leader>
<marc:controlfield tag="001">000006297</marc:controlfield>
<marc:controlfield tag="003">Uk</marc:controlfield><marc:controlfield tag="005">20110119132200.0</marc:controlfield><marc:controlfield tag="008">870813|1831|||||||    ||     ||| |||||  </marc:controlfield><marc:datafield tag="040" ind1=" " ind2=" "><marc:subfield code="a">Uk</marc:subfield><marc:subfield code="c">Uk</marc:subfield></marc:datafield><marc:datafield tag="100" ind1="1" ind2=" "><marc:subfield code="a">Abercrombie, John,</marc:subfield><marc:subfield code="d">1780-1844.</marc:subfield></marc:datafield><marc:datafield tag="245" ind1="1" ind2="0"><marc:subfield code="a">Inquiries concerning the Intellectual Powers and the Investigation of Truth ... Second edition.</marc:subfield></marc:datafield><marc:datafield tag="260" ind1=" " ind2=" "><marc:subfield code="a">Edinburgh :</marc:subfield><marc:subfield code="b">Waugh &amp; Innes,</marc:subfield><marc:subfield code="c">1831.</marc:subfield></marc:datafield><marc:datafield tag="300" ind1=" " ind2=" "><marc:subfield code="a">xv, 464 p. ;</marc:subfield><marc:subfield code="c">8º.</marc:subfield></marc:datafield><marc:datafield tag="775" ind1="0" ind2=" "><marc:subfield code="t">[Inquiries concerning the Intellectual Powers and the Investigation of Truth ... Second edition.]</marc:subfield><marc:subfield code="d">pp. xv. 441. Waugh &amp; Innes: Edinburgh, 1832. 8º.</marc:subfield><marc:subfield code="w">(Uk)MP1.0000006776.1</marc:subfield></marc:datafield><marc:datafield tag="775" ind1="0" ind2=" "><marc:subfield code="t">[Inquiries concerning the Intellectual Powers and the Investigation of Truth ... Second edition.]</marc:subfield><marc:subfield code="d">pp. 376. J. &amp; J. Harper: New York, 1834. 8º.</marc:subfield><marc:subfield code="w">(Uk)MP1.0000006776.2</marc:subfield></marc:datafield><marc:datafield tag="852" ind1="4" ind2="1"><marc:subfield code="a">British Library</marc:subfield><marc:subfield code="b">HMNTS</marc:subfield><marc:subfield code="j">8408.f.14.</marc:subfield></marc:datafield></marc:record>