
<marc:record><marc:leader>00645cam a22001573  4500</marc:leader>
<marc:controlfield tag="001">000006300</marc:controlfield>
<marc:controlfield tag="003">Uk</marc:controlfield><marc:controlfield tag="005">20120203162600.0</marc:controlfield><marc:controlfield tag="008">870813|1835|||||||    ||     ||| |||||  </marc:controlfield><marc:datafield tag="040" ind1=" " ind2=" "><marc:subfield code="a">Uk</marc:subfield><marc:subfield code="c">Uk</marc:subfield></marc:datafield><marc:datafield tag="100" ind1="1" ind2=" "><marc:subfield code="a">Abercrombie, John,</marc:subfield><marc:subfield code="d">1780-1844.</marc:subfield></marc:datafield><marc:datafield tag="245" ind1="1" ind2="0"><marc:subfield code="a">Inquiries concerning the Intellectual Powers and the Investigation of Truth ... Fifth edition.</marc:subfield></marc:datafield><marc:datafield tag="260" ind1=" " ind2=" "><marc:subfield code="a">Edinburgh :</marc:subfield><marc:subfield code="b">Waugh &amp; Innes,</marc:subfield><marc:subfield code="c">1835.</marc:subfield></marc:datafield><marc:datafield tag="300" ind1=" " ind2=" "><marc:subfield code="a">xix, 474 p. ;</marc:subfield><marc:subfield code="c">8º.</marc:subfield></marc:datafield><marc:datafield tag="775" ind1="0" ind2=" "><marc:subfield code="t">[Inquiries concerning the Intellectual Powers and the Investigation of Truth ... Fifth edition.]</marc:subfield><marc:subfield code="d">pp. xv. 451. John Murray: London, 1838. 8º.</marc:subfield><marc:subfield code="w">(Uk)MP1.0000006777.1</marc:subfield></marc:datafield><marc:datafield tag="852" ind1="4" ind2="1"><marc:subfield code="a">British Library</marc:subfield><marc:subfield code="b">HMNTS</marc:subfield><marc:subfield code="j">1489.p.81.</marc:subfield></marc:datafield></marc:record>