
<marc:record><marc:leader>00831cam a22001693  4500</marc:leader>
<marc:controlfield tag="001">000006303</marc:controlfield>
<marc:controlfield tag="003">Uk</marc:controlfield><marc:controlfield tag="005">20130501182900.0</marc:controlfield><marc:controlfield tag="008">870813|1841||||enk    ||     ||| |||||  </marc:controlfield><marc:datafield tag="040" ind1=" " ind2=" "><marc:subfield code="a">Uk</marc:subfield><marc:subfield code="c">Uk</marc:subfield></marc:datafield><marc:datafield tag="100" ind1="1" ind2=" "><marc:subfield code="a">Abercrombie, John,</marc:subfield><marc:subfield code="d">1780-1844.</marc:subfield></marc:datafield><marc:datafield tag="245" ind1="1" ind2="0"><marc:subfield code="a">Inquiries concerning the intellectual powers and the investigation of truth ... Eleventh edition.</marc:subfield></marc:datafield><marc:datafield tag="260" ind1=" " ind2=" "><marc:subfield code="a">London :</marc:subfield><marc:subfield code="b">John Murray,</marc:subfield><marc:subfield code="c">1841.</marc:subfield></marc:datafield><marc:datafield tag="300" ind1=" " ind2=" "><marc:subfield code="a">xv, 473 p. ;</marc:subfield><marc:subfield code="c">8º.</marc:subfield></marc:datafield><marc:datafield tag="775" ind1="0" ind2=" "><marc:subfield code="t">[Inquiries concerning the intellectual powers and the investigation of truth ... Eleventh edition.]</marc:subfield><marc:subfield code="d">pp. 376. Harper &amp; Bros.: New York, 1846. 12º.</marc:subfield><marc:subfield code="w">(Uk)MP1.0000006779.1</marc:subfield></marc:datafield><marc:datafield tag="775" ind1="0" ind2=" "><marc:subfield code="t">[Inquiries concerning the intellectual powers and the investigation of truth ... Eleventh edition.]</marc:subfield><marc:subfield code="d">pp. xv. 344. John Murray: London, 1854. 8º.</marc:subfield><marc:subfield code="w">(Uk)MP1.0000006779.2</marc:subfield></marc:datafield><marc:datafield tag="852" ind1="4" ind2="1"><marc:subfield code="a">British Library</marc:subfield><marc:subfield code="b">HMNTS</marc:subfield><marc:subfield code="j">1608/4118.</marc:subfield></marc:datafield></marc:record>