
<marc:record><marc:leader>00799cam a22001813  4500</marc:leader>
<marc:controlfield tag="001">000006306</marc:controlfield>
<marc:controlfield tag="003">Uk</marc:controlfield><marc:controlfield tag="005">20111222151700.0</marc:controlfield><marc:controlfield tag="008">870813|1869||||ii     ||     ||| |||||  </marc:controlfield><marc:datafield tag="040" ind1=" " ind2=" "><marc:subfield code="a">Uk</marc:subfield><marc:subfield code="c">Uk</marc:subfield></marc:datafield><marc:datafield tag="100" ind1="1" ind2=" "><marc:subfield code="a">Abercrombie, John,</marc:subfield><marc:subfield code="d">1780-1844.</marc:subfield></marc:datafield><marc:datafield tag="240" ind1="1" ind2="0"><marc:subfield code="a">Inquiries concerning the intellectual powers and the investigation of truth ... Eleventh edition.</marc:subfield></marc:datafield><marc:datafield tag="245" ind1="1" ind2="0"><marc:subfield code="a">Abercrombie [i.e. his work: “Inquiries concerning the Intellectual Powers”] as a text book in the Calcutta University. [Re-printed from the “Calcutta Review.”) [By S. Lobb.]</marc:subfield></marc:datafield><marc:datafield tag="260" ind1=" " ind2=" "><marc:subfield code="a">Calcutta :</marc:subfield><marc:subfield code="b">Bengal Printing Co.,</marc:subfield><marc:subfield code="c">1869.</marc:subfield></marc:datafield><marc:datafield tag="300" ind1=" " ind2=" "><marc:subfield code="a">22 p. ;</marc:subfield><marc:subfield code="c">8º.</marc:subfield></marc:datafield><marc:datafield tag="700" ind1="1" ind2=" "><marc:subfield code="a">LOBB, Samuel,</marc:subfield><marc:subfield code="c">of Calcutta.</marc:subfield></marc:datafield><marc:datafield tag="852" ind1="4" ind2="1"><marc:subfield code="a">British Library</marc:subfield><marc:subfield code="b">HMNTS</marc:subfield><marc:subfield code="j">8023.ee.9.(7.)</marc:subfield></marc:datafield><marc:datafield tag="886" ind1="2" ind2=" "><marc:subfield code="2">blmarc</marc:subfield><marc:subfield code="a">709</marc:subfield><marc:subfield code="b">00</marc:subfield><marc:subfield code="a">LOBB</marc:subfield><marc:subfield code="h">Samuel</marc:subfield><marc:subfield code="f">of Calcutta</marc:subfield><marc:subfield code="p">8023.ee.9.(7.)</marc:subfield><marc:subfield code="x">1960440357</marc:subfield></marc:datafield></marc:record>