
<marc:record><marc:leader>00856cam a22001813  4500</marc:leader>
<marc:controlfield tag="001">000006316</marc:controlfield>
<marc:controlfield tag="003">Uk</marc:controlfield><marc:controlfield tag="005">20130501182900.0</marc:controlfield><marc:controlfield tag="008">870813|1834||||enk    ||     ||| ||eng  </marc:controlfield><marc:datafield tag="040" ind1=" " ind2=" "><marc:subfield code="a">Uk</marc:subfield><marc:subfield code="c">Uk</marc:subfield></marc:datafield><marc:datafield tag="100" ind1="1" ind2=" "><marc:subfield code="a">Abercrombie, John,</marc:subfield><marc:subfield code="d">1780-1844.</marc:subfield></marc:datafield><marc:datafield tag="245" ind1="1" ind2="4"><marc:subfield code="a">The Philosophy of the Moral Feelings ... Second edition.</marc:subfield></marc:datafield><marc:datafield tag="260" ind1=" " ind2=" "><marc:subfield code="a">London :</marc:subfield><marc:subfield code="b">John Murray,</marc:subfield><marc:subfield code="c">1834.</marc:subfield></marc:datafield><marc:datafield tag="300" ind1=" " ind2=" "><marc:subfield code="a">xv, 262 p. ;</marc:subfield><marc:subfield code="c">8º.</marc:subfield></marc:datafield><marc:datafield tag="775" ind1="0" ind2=" "><marc:subfield code="t">[The Philosophy of the Moral Feelings ... Second edition.]</marc:subfield><marc:subfield code="d">pp. xv. 293. John Murray: London, 1835. 8º.</marc:subfield><marc:subfield code="w">(Uk)MP1.0000006788.1</marc:subfield></marc:datafield><marc:datafield tag="775" ind1="0" ind2=" "><marc:subfield code="t">[The Philosophy of the Moral Feelings ... Second edition.]</marc:subfield><marc:subfield code="d">pp. xv. 293. John Murray: London, 1836. 8º.</marc:subfield><marc:subfield code="w">(Uk)MP1.0000006788.2</marc:subfield></marc:datafield><marc:datafield tag="775" ind1="0" ind2=" "><marc:subfield code="t">[The Philosophy of the Moral Feelings ... Second edition.]</marc:subfield><marc:subfield code="d">pp. xiii. 236. Harper &amp; Bros.: New York, 1843. 12º.</marc:subfield><marc:subfield code="w">(Uk)MP1.0000006788.3</marc:subfield></marc:datafield><marc:datafield tag="852" ind1="4" ind2="1"><marc:subfield code="a">British Library</marc:subfield><marc:subfield code="b">HMNTS</marc:subfield><marc:subfield code="j">8475.f.2.</marc:subfield></marc:datafield></marc:record>