
<marc:record><marc:leader>00741cam a22001573  4500</marc:leader>
<marc:controlfield tag="001">000006399</marc:controlfield>
<marc:controlfield tag="003">Uk</marc:controlfield><marc:controlfield tag="005">20120120152500.0</marc:controlfield><marc:controlfield tag="008">870813|1883|||||||    ||     ||| |||||  </marc:controlfield><marc:datafield tag="040" ind1=" " ind2=" "><marc:subfield code="a">Uk</marc:subfield><marc:subfield code="c">Uk</marc:subfield></marc:datafield><marc:datafield tag="100" ind1="1" ind2=" "><marc:subfield code="a">ABERCROMBIE, Robert,</marc:subfield><marc:subfield code="c">Author of “The New Self-Doctor.”.</marc:subfield></marc:datafield><marc:datafield tag="245" ind1="1" ind2="0"><marc:subfield code="a">Abercrombie's Two Popular Medical Referees, in one volume. First edition, combined ... The Solvent Process ... The Self-Doctor, etc.</marc:subfield></marc:datafield><marc:datafield tag="260" ind1=" " ind2=" "><marc:subfield code="a">London :</marc:subfield><marc:subfield code="b">The Author,</marc:subfield><marc:subfield code="c">[1883]</marc:subfield></marc:datafield><marc:datafield tag="300" ind1=" " ind2=" "><marc:subfield code="a">147 p. ;</marc:subfield><marc:subfield code="c">8º.</marc:subfield></marc:datafield><marc:datafield tag="775" ind1="0" ind2=" "><marc:subfield code="t">[Abercrombie's Two Popular Medical Referees, in one volume. First edition, combined ... The Solvent Process ... The Self-Doctor, etc.]</marc:subfield><marc:subfield code="d">pp. 148. The Author: London, 1883. 8º.</marc:subfield><marc:subfield code="w">(Uk)MP1.0000006868.1</marc:subfield></marc:datafield><marc:datafield tag="852" ind1="4" ind2="1"><marc:subfield code="a">British Library</marc:subfield><marc:subfield code="b">HMNTS</marc:subfield><marc:subfield code="j">7306.de.11.(10.)</marc:subfield></marc:datafield></marc:record>