
<marc:record><marc:leader>01530cam a22001933  4500</marc:leader>
<marc:controlfield tag="001">000006404</marc:controlfield>
<marc:controlfield tag="003">Uk</marc:controlfield><marc:controlfield tag="005">20120120152500.0</marc:controlfield><marc:controlfield tag="008">981103|1865|||||||    ||     ||| |||||  </marc:controlfield><marc:datafield tag="040" ind1=" " ind2=" "><marc:subfield code="a">Uk</marc:subfield><marc:subfield code="c">Uk</marc:subfield></marc:datafield><marc:datafield tag="100" ind1="1" ind2=" "><marc:subfield code="a">ABERCROMBIE, Robert,</marc:subfield><marc:subfield code="c">Author of “The New Self-Doctor.”.</marc:subfield></marc:datafield><marc:datafield tag="245" ind1="1" ind2="2"><marc:subfield code="a">A General Treatise on Anatomy and Physiology of the Lungs and Heart, the nature, new treatment, and pathological signs of consumption, diseases of the heart, etc.</marc:subfield></marc:datafield><marc:datafield tag="260" ind1=" " ind2=" "><marc:subfield code="a">London :</marc:subfield><marc:subfield code="b">Job Caudwell,</marc:subfield><marc:subfield code="c">[1865]</marc:subfield></marc:datafield><marc:datafield tag="300" ind1=" " ind2=" "><marc:subfield code="a">93 p. ;</marc:subfield><marc:subfield code="c">8º.</marc:subfield></marc:datafield><marc:datafield tag="775" ind1="0" ind2=" "><marc:subfield code="t">[A General Treatise on Anatomy and Physiology of the Lungs and Heart, the nature, new treatment, and pathological signs of consumption, diseases of the heart, etc.]</marc:subfield><marc:subfield code="d">pp. 91. The Author: London, 1866. 8º.</marc:subfield><marc:subfield code="w">(Uk)MP1.0000006870.1</marc:subfield></marc:datafield><marc:datafield tag="775" ind1="0" ind2=" "><marc:subfield code="t">[A General Treatise on Anatomy and Physiology of the Lungs and Heart, the nature, new treatment, and pathological signs of consumption, diseases of the heart, etc.]</marc:subfield><marc:subfield code="d">pp. vi. 79. The Author: London, 1867. 8º.</marc:subfield><marc:subfield code="w">(Uk)MP1.0000006870.2</marc:subfield></marc:datafield><marc:datafield tag="775" ind1="0" ind2=" "><marc:subfield code="t">[A General Treatise on Anatomy and Physiology of the Lungs and Heart, the nature, new treatment, and pathological signs of consumption, diseases of the heart, etc.]</marc:subfield><marc:subfield code="d">pp. 74. The Author: London, 1868. 8º.</marc:subfield><marc:subfield code="w">(Uk)MP1.0000006870.3</marc:subfield></marc:datafield><marc:datafield tag="775" ind1="0" ind2=" "><marc:subfield code="t">[A General Treatise on Anatomy and Physiology of the Lungs and Heart, the nature, new treatment, and pathological signs of consumption, diseases of the heart, etc.]</marc:subfield><marc:subfield code="d">pp. 79. The Author: London, 1868. 8º.</marc:subfield><marc:subfield code="w">(Uk)MP1.0000006870.4</marc:subfield></marc:datafield><marc:datafield tag="852" ind1="4" ind2="1"><marc:subfield code="a">British Library</marc:subfield><marc:subfield code="b">HMNTS</marc:subfield><marc:subfield code="j">D-7620.a.23.</marc:subfield></marc:datafield></marc:record>