
<marc:record><marc:leader>00913cam a22001693  4500</marc:leader>
<marc:controlfield tag="001">000006405</marc:controlfield>
<marc:controlfield tag="003">Uk</marc:controlfield><marc:controlfield tag="005">20111222151700.0</marc:controlfield><marc:controlfield tag="008">981103|1866|||||||    ||     ||| |||||  </marc:controlfield><marc:datafield tag="040" ind1=" " ind2=" "><marc:subfield code="a">Uk</marc:subfield><marc:subfield code="c">Uk</marc:subfield></marc:datafield><marc:datafield tag="100" ind1="1" ind2=" "><marc:subfield code="a">ABERCROMBIE, Robert,</marc:subfield><marc:subfield code="c">Author of “The New Self-Doctor.”.</marc:subfield></marc:datafield><marc:datafield tag="245" ind1="1" ind2="3"><marc:subfield code="a">[A General Treatise on Anatomy and Physiology of the Lungs and Heart, the nature, new treatment, and pathological signs of consumption, diseases of the heart, etc.]</marc:subfield></marc:datafield><marc:datafield tag="250" ind1=" " ind2=" "><marc:subfield code="a">[Second edition.] A Popular Manual on the Symptoms, Causes, Nature and Pathology of Consumption, etc.</marc:subfield></marc:datafield><marc:datafield tag="260" ind1=" " ind2=" "><marc:subfield code="a">London :</marc:subfield><marc:subfield code="b">The Author,</marc:subfield><marc:subfield code="c">1866.</marc:subfield></marc:datafield><marc:datafield tag="300" ind1=" " ind2=" "><marc:subfield code="a">91 p. ;</marc:subfield><marc:subfield code="c">8º.</marc:subfield></marc:datafield><marc:datafield tag="787" ind1="0" ind2=" "><marc:subfield code="t">A General Treatise on Anatomy and Physiology of the Lungs and Heart, the nature, new treatment, and pathological signs of consumption, diseases of the heart, etc.</marc:subfield><marc:subfield code="d">pp. 93. Job Caudwell: London, [1865.] 8º.</marc:subfield><marc:subfield code="w">(Uk)MP1.0000006870</marc:subfield></marc:datafield><marc:datafield tag="852" ind1="4" ind2="1"><marc:subfield code="a">British Library</marc:subfield><marc:subfield code="b">HMNTS</marc:subfield><marc:subfield code="j">D-7615.a.5.</marc:subfield></marc:datafield></marc:record>