
<marc:record><marc:leader>00845cam a22001693  4500</marc:leader>
<marc:controlfield tag="001">000006410</marc:controlfield>
<marc:controlfield tag="003">Uk</marc:controlfield><marc:controlfield tag="005">20111222151700.0</marc:controlfield><marc:controlfield tag="008">870813|1893|||||||    ||     ||| ||eng  </marc:controlfield><marc:datafield tag="040" ind1=" " ind2=" "><marc:subfield code="a">Uk</marc:subfield><marc:subfield code="c">Uk</marc:subfield></marc:datafield><marc:datafield tag="100" ind1="1" ind2=" "><marc:subfield code="a">ABERCROMBIE, Robert,</marc:subfield><marc:subfield code="c">Author of “The New Self-Doctor.”.</marc:subfield></marc:datafield><marc:datafield tag="245" ind1="1" ind2="4"><marc:subfield code="a">The Medical Referee ... On two advanced systems of treatment of general and special diseases, etc.</marc:subfield></marc:datafield><marc:datafield tag="260" ind1=" " ind2=" "><marc:subfield code="a">London :</marc:subfield><marc:subfield code="b">The Author,</marc:subfield><marc:subfield code="c">1893.</marc:subfield></marc:datafield><marc:datafield tag="300" ind1=" " ind2=" "><marc:subfield code="a">79 p. ;</marc:subfield><marc:subfield code="c">8º.</marc:subfield></marc:datafield><marc:datafield tag="775" ind1="0" ind2=" "><marc:subfield code="t">[The Medical Referee ... On two advanced systems of treatment of general and special diseases, etc.]</marc:subfield><marc:subfield code="d">pp. 49. T. Williams: London, 1893. 8º.</marc:subfield><marc:subfield code="w">(Uk)MP1.0000006872.1</marc:subfield></marc:datafield><marc:datafield tag="775" ind1="0" ind2=" "><marc:subfield code="t">[The Medical Referee ... On two advanced systems of treatment of general and special diseases, etc.]</marc:subfield><marc:subfield code="d">pp. 85. T. Williams: London, 1893. 8º.</marc:subfield><marc:subfield code="w">(Uk)MP1.0000006872.2</marc:subfield></marc:datafield><marc:datafield tag="852" ind1="4" ind2="1"><marc:subfield code="a">British Library</marc:subfield><marc:subfield code="b">HMNTS</marc:subfield><marc:subfield code="j">7321.b.26.</marc:subfield></marc:datafield></marc:record>