
<marc:record><marc:leader>01154cam a22001933  4500</marc:leader>
<marc:controlfield tag="001">000006413</marc:controlfield>
<marc:controlfield tag="003">Uk</marc:controlfield><marc:controlfield tag="005">20111222151700.0</marc:controlfield><marc:controlfield tag="008">981103|1879|||||||    ||     ||| ||eng  </marc:controlfield><marc:datafield tag="040" ind1=" " ind2=" "><marc:subfield code="a">Uk</marc:subfield><marc:subfield code="c">Uk</marc:subfield></marc:datafield><marc:datafield tag="100" ind1="1" ind2=" "><marc:subfield code="a">ABERCROMBIE, Robert,</marc:subfield><marc:subfield code="c">Author of “The New Self-Doctor.”.</marc:subfield></marc:datafield><marc:datafield tag="245" ind1="1" ind2="4"><marc:subfield code="a">The New Self Doctor, or Medical Referee, on general ailments, confidential cases, etc.</marc:subfield></marc:datafield><marc:datafield tag="260" ind1=" " ind2=" "><marc:subfield code="a">London :</marc:subfield><marc:subfield code="b">The Author,</marc:subfield><marc:subfield code="c">1879.</marc:subfield></marc:datafield><marc:datafield tag="300" ind1=" " ind2=" "><marc:subfield code="a">55 p. ;</marc:subfield><marc:subfield code="c">8º.</marc:subfield></marc:datafield><marc:datafield tag="775" ind1="0" ind2=" "><marc:subfield code="t">[The New Self Doctor, or Medical Referee, on general ailments, confidential cases, etc.]</marc:subfield><marc:subfield code="d">pp. 55. The Author: London, 1879. 8º.</marc:subfield><marc:subfield code="w">(Uk)MP1.0000006873.1</marc:subfield></marc:datafield><marc:datafield tag="775" ind1="0" ind2=" "><marc:subfield code="t">[The New Self Doctor, or Medical Referee, on general ailments, confidential cases, etc.]</marc:subfield><marc:subfield code="d">pp. 63. The Author: London, 1880. 8º.</marc:subfield><marc:subfield code="w">(Uk)MP1.0000006873.2</marc:subfield></marc:datafield><marc:datafield tag="775" ind1="0" ind2=" "><marc:subfield code="t">[The New Self Doctor, or Medical Referee, on general ailments, confidential cases, etc.]</marc:subfield><marc:subfield code="d">pp. 67. The Author: London, 1881. 8º.</marc:subfield><marc:subfield code="w">(Uk)MP1.0000006873.3</marc:subfield></marc:datafield><marc:datafield tag="775" ind1="0" ind2=" "><marc:subfield code="t">[The New Self Doctor, or Medical Referee, on general ailments, confidential cases, etc.]</marc:subfield><marc:subfield code="d">pp. 73. The Author: London, 1882 [1881]. 8º.</marc:subfield><marc:subfield code="w">(Uk)MP1.0000006873.4</marc:subfield></marc:datafield><marc:datafield tag="852" ind1="4" ind2="1"><marc:subfield code="a">British Library</marc:subfield><marc:subfield code="b">HMNTS</marc:subfield><marc:subfield code="j">7306.aa.15.(10.)</marc:subfield></marc:datafield></marc:record>