
<marc:record><marc:leader>00492cam a22001453  4500</marc:leader>
<marc:controlfield tag="001">000006443</marc:controlfield>
<marc:controlfield tag="003">Uk</marc:controlfield><marc:controlfield tag="005">20120725174100.0</marc:controlfield><marc:controlfield tag="008">870813|1832|||||||    ||     ||| ||eng  </marc:controlfield><marc:datafield tag="040" ind1=" " ind2=" "><marc:subfield code="a">Uk</marc:subfield><marc:subfield code="c">Uk</marc:subfield></marc:datafield><marc:datafield tag="100" ind1="1" ind2=" "><marc:subfield code="a">Dunfermline, James Abercromby,</marc:subfield><marc:subfield code="c">Baron,</marc:subfield><marc:subfield code="d">1776-1858.</marc:subfield></marc:datafield><marc:datafield tag="245" ind1="1" ind2="4"><marc:subfield code="a">The Destruction of Abercrombie. [A satirical song on J. Abercromby's candidature for the representation of Edinburgh.]</marc:subfield></marc:datafield><marc:datafield tag="260" ind1=" " ind2=" "><marc:subfield code="a">[Edinburgh,</marc:subfield><marc:subfield code="c">1832]</marc:subfield></marc:datafield><marc:datafield tag="300" ind1=" " ind2=" "><marc:subfield code="a">1 sheet ;</marc:subfield><marc:subfield code="c">8º.</marc:subfield></marc:datafield><marc:datafield tag="852" ind1="4" ind2="1"><marc:subfield code="a">British Library</marc:subfield><marc:subfield code="b">HMNTS</marc:subfield><marc:subfield code="j">826.l.28.(21.)</marc:subfield></marc:datafield></marc:record>