
<marc:record><marc:leader>00827cam a22001933  4500</marc:leader>
<marc:controlfield tag="001">000006447</marc:controlfield>
<marc:controlfield tag="003">Uk</marc:controlfield><marc:controlfield tag="005">20120203162600.0</marc:controlfield><marc:controlfield tag="008">870813|1861|||||||    ||     ||| |||||  </marc:controlfield><marc:datafield tag="040" ind1=" " ind2=" "><marc:subfield code="a">Uk</marc:subfield><marc:subfield code="c">Uk</marc:subfield></marc:datafield><marc:datafield tag="100" ind1="1" ind2=" "><marc:subfield code="a">Dunfermline, James Abercromby,</marc:subfield><marc:subfield code="c">Baron,</marc:subfield><marc:subfield code="d">1776-1858.</marc:subfield></marc:datafield><marc:datafield tag="245" ind1="1" ind2="0"><marc:subfield code="a">Lieutenant-General Sir Ralph Abercromby, K.B., 1793-1801. A memoir by his son, James, Lord Dunfermline. [Edited by Ralph, Lord Dunfermline.]</marc:subfield></marc:datafield><marc:datafield tag="260" ind1=" " ind2=" "><marc:subfield code="a">Edinburgh :</marc:subfield><marc:subfield code="b">Edmonston &amp; Douglas,</marc:subfield><marc:subfield code="c">1861.</marc:subfield></marc:datafield><marc:datafield tag="300" ind1=" " ind2=" "><marc:subfield code="a">vi, 328 p. ;</marc:subfield><marc:subfield code="c">8º.</marc:subfield></marc:datafield><marc:datafield tag="700" ind1="1" ind2=" "><marc:subfield code="a">ABERCROMBY, Ralph,</marc:subfield><marc:subfield code="c">Sir,</marc:subfield><marc:subfield code="c">General.</marc:subfield></marc:datafield><marc:datafield tag="700" ind1="1" ind2=" "><marc:subfield code="a">ABERCROMBY, Ralph,</marc:subfield><marc:subfield code="c">Baron Dunfermline.</marc:subfield></marc:datafield><marc:datafield tag="852" ind1="4" ind2="1"><marc:subfield code="a">British Library</marc:subfield><marc:subfield code="b">HMNTS</marc:subfield><marc:subfield code="j">10816.e.14.</marc:subfield></marc:datafield><marc:datafield tag="886" ind1="2" ind2=" "><marc:subfield code="2">blmarc</marc:subfield><marc:subfield code="a">709</marc:subfield><marc:subfield code="b">00</marc:subfield><marc:subfield code="a">ABERCROMBY</marc:subfield><marc:subfield code="e">Sir</marc:subfield><marc:subfield code="h">Ralph</marc:subfield><marc:subfield code="f">General</marc:subfield><marc:subfield code="p">10816.e.14.</marc:subfield><marc:subfield code="x">001286000X</marc:subfield></marc:datafield><marc:datafield tag="886" ind1="2" ind2=" "><marc:subfield code="2">blmarc</marc:subfield><marc:subfield code="a">709</marc:subfield><marc:subfield code="b">00</marc:subfield><marc:subfield code="a">ABERCROMBY</marc:subfield><marc:subfield code="h">Ralph</marc:subfield><marc:subfield code="f">Baron Dunfermline</marc:subfield><marc:subfield code="p">10816.e.14.</marc:subfield><marc:subfield code="x">0012850233</marc:subfield></marc:datafield></marc:record>