
<marc:record><marc:leader>00559cam a22001453  4500</marc:leader>
<marc:controlfield tag="001">000006448</marc:controlfield>
<marc:controlfield tag="003">Uk</marc:controlfield><marc:controlfield tag="005">20111005080300.0</marc:controlfield><marc:controlfield tag="008">870813|1832|||||||    ||     ||| |||||  </marc:controlfield><marc:datafield tag="040" ind1=" " ind2=" "><marc:subfield code="a">Uk</marc:subfield><marc:subfield code="c">Uk</marc:subfield></marc:datafield><marc:datafield tag="100" ind1="1" ind2=" "><marc:subfield code="a">Dunfermline, James Abercromby,</marc:subfield><marc:subfield code="c">Baron,</marc:subfield><marc:subfield code="d">1776-1858.</marc:subfield></marc:datafield><marc:datafield tag="245" ind1="1" ind2="0"><marc:subfield code="a">Report of the Proceedings at the Public Meeting of the Electors of Edinburgh ... 2 August 1832; and the Right Honourable James Abercromby's Address on that occasion.</marc:subfield></marc:datafield><marc:datafield tag="260" ind1=" " ind2=" "><marc:subfield code="a">Edinburgh :</marc:subfield><marc:subfield code="b">North Briton Office,</marc:subfield><marc:subfield code="c">1832.</marc:subfield></marc:datafield><marc:datafield tag="300" ind1=" " ind2=" "><marc:subfield code="a">16 p. ;</marc:subfield><marc:subfield code="c">8º.</marc:subfield></marc:datafield><marc:datafield tag="852" ind1="4" ind2="1"><marc:subfield code="a">British Library</marc:subfield><marc:subfield code="b">HMNTS</marc:subfield><marc:subfield code="j">8142.e.28.(3.)</marc:subfield></marc:datafield></marc:record>