
<marc:record><marc:leader>00507cam a22001453  4500</marc:leader>
<marc:controlfield tag="001">000006462</marc:controlfield>
<marc:controlfield tag="003">Uk</marc:controlfield><marc:controlfield tag="005">20110119132200.0</marc:controlfield><marc:controlfield tag="008">870813|1820|||||||    ||     ||| |||||  </marc:controlfield><marc:datafield tag="040" ind1=" " ind2=" "><marc:subfield code="a">Uk</marc:subfield><marc:subfield code="c">Uk</marc:subfield></marc:datafield><marc:datafield tag="100" ind1="1" ind2=" "><marc:subfield code="a">ABERCROMBY, Ralph,</marc:subfield><marc:subfield code="c">Sir,</marc:subfield><marc:subfield code="c">General.</marc:subfield></marc:datafield><marc:datafield tag="245" ind1="1" ind2="0"><marc:subfield code="a">Lament for Abercrombie; to which are added The Harper of Mull. John Anderson my jo John. Wood of Craigie lea. Let drunkards. [Ballads.]</marc:subfield></marc:datafield><marc:datafield tag="260" ind1=" " ind2=" "><marc:subfield code="a">Stirling :</marc:subfield><marc:subfield code="b">W. Macnie,</marc:subfield><marc:subfield code="c">[1820?].</marc:subfield></marc:datafield><marc:datafield tag="300" ind1=" " ind2=" "><marc:subfield code="a">8 p. ;</marc:subfield><marc:subfield code="c">16º.</marc:subfield></marc:datafield><marc:datafield tag="852" ind1="4" ind2="1"><marc:subfield code="a">British Library</marc:subfield><marc:subfield code="b">HMNTS</marc:subfield><marc:subfield code="j">11621.aaa.2.(6.)</marc:subfield></marc:datafield></marc:record>