
<marc:record><marc:leader>00584cam a22001453  4500</marc:leader>
<marc:controlfield tag="001">000006463</marc:controlfield>
<marc:controlfield tag="003">Uk</marc:controlfield><marc:controlfield tag="005">20120203162600.0</marc:controlfield><marc:controlfield tag="008">870813|1806|||||||    ||     ||| |||||  </marc:controlfield><marc:datafield tag="040" ind1=" " ind2=" "><marc:subfield code="a">Uk</marc:subfield><marc:subfield code="c">Uk</marc:subfield></marc:datafield><marc:datafield tag="100" ind1="1" ind2=" "><marc:subfield code="a">ABERCROMBY, Ralph,</marc:subfield><marc:subfield code="c">Sir,</marc:subfield><marc:subfield code="c">General.</marc:subfield></marc:datafield><marc:datafield tag="245" ind1="1" ind2="0"><marc:subfield code="a">Life of Sir R. Abercromby ... Together with an accurate Statement of the Campaign in Egypt ... By an Officer in the Army. (The Life of Marquis Cornwallis.-Sketch of the Life of Sir W. S. Smith.) [With portraits.]</marc:subfield></marc:datafield><marc:datafield tag="260" ind1=" " ind2=" "><marc:subfield code="a">Ormskirk :</marc:subfield><marc:subfield code="b">J. Fowler,</marc:subfield><marc:subfield code="c">1806.</marc:subfield></marc:datafield><marc:datafield tag="300" ind1=" " ind2=" "><marc:subfield code="a">iv, 252 p. ;</marc:subfield><marc:subfield code="c">8º.</marc:subfield></marc:datafield><marc:datafield tag="852" ind1="4" ind2="1"><marc:subfield code="a">British Library</marc:subfield><marc:subfield code="b">HMNTS</marc:subfield><marc:subfield code="j">1202.d.29.(2.)</marc:subfield></marc:datafield></marc:record>