
<marc:record><marc:leader>00594cam a22001693  4500</marc:leader>
<marc:controlfield tag="001">000006464</marc:controlfield>
<marc:controlfield tag="003">Uk</marc:controlfield><marc:controlfield tag="005">20111222151700.0</marc:controlfield><marc:controlfield tag="008">870813|1801|||||||    ||     ||| |||||  </marc:controlfield><marc:datafield tag="040" ind1=" " ind2=" "><marc:subfield code="a">Uk</marc:subfield><marc:subfield code="c">Uk</marc:subfield></marc:datafield><marc:datafield tag="100" ind1="1" ind2=" "><marc:subfield code="a">ABERCROMBY, Ralph,</marc:subfield><marc:subfield code="c">Sir,</marc:subfield><marc:subfield code="c">General.</marc:subfield></marc:datafield><marc:datafield tag="245" ind1="1" ind2="0"><marc:subfield code="a">Lines on the Death of the Late Sir Ralph Abercromby. By the author of The Conspiracy of Gowrie [i.e. Sir William Rough.]</marc:subfield></marc:datafield><marc:datafield tag="260" ind1=" " ind2=" "><marc:subfield code="a">London :</marc:subfield><marc:subfield code="b">J. Bell,</marc:subfield><marc:subfield code="c">1801.</marc:subfield></marc:datafield><marc:datafield tag="300" ind1=" " ind2=" "><marc:subfield code="a">12 p. ;</marc:subfield><marc:subfield code="c">4º.</marc:subfield></marc:datafield><marc:datafield tag="700" ind1="1" ind2=" "><marc:subfield code="a">ROUGH, William,</marc:subfield><marc:subfield code="c">Sir.</marc:subfield></marc:datafield><marc:datafield tag="852" ind1="4" ind2="1"><marc:subfield code="a">British Library</marc:subfield><marc:subfield code="b">HMNTS</marc:subfield><marc:subfield code="j">1490.e.36.</marc:subfield></marc:datafield><marc:datafield tag="886" ind1="2" ind2=" "><marc:subfield code="2">blmarc</marc:subfield><marc:subfield code="a">709</marc:subfield><marc:subfield code="b">00</marc:subfield><marc:subfield code="a">ROUGH</marc:subfield><marc:subfield code="e">Sir</marc:subfield><marc:subfield code="h">William</marc:subfield><marc:subfield code="p">1490.e.36.</marc:subfield><marc:subfield code="x">282356005X</marc:subfield></marc:datafield></marc:record>