
<marc:record><marc:leader>00712cam a22001693  4500</marc:leader>
<marc:controlfield tag="001">000006541</marc:controlfield>
<marc:controlfield tag="003">Uk</marc:controlfield><marc:controlfield tag="005">20110119132200.0</marc:controlfield><marc:controlfield tag="008">870813|1896|||||||    ||     ||| |||||  </marc:controlfield><marc:datafield tag="040" ind1=" " ind2=" "><marc:subfield code="a">Uk</marc:subfield><marc:subfield code="c">Uk</marc:subfield></marc:datafield><marc:datafield tag="110" ind1="2" ind2=" "><marc:subfield code="a">Church of Scotland Training College (ABERDEEN)</marc:subfield></marc:datafield><marc:datafield tag="245" ind1="1" ind2="0"><marc:subfield code="a">Records of the Classes from 1874-75 to 1894-95. Edited by E. Cleland.</marc:subfield></marc:datafield><marc:datafield tag="260" ind1=" " ind2=" "><marc:subfield code="a">Aberdeen :</marc:subfield><marc:subfield code="b">Privately printed,</marc:subfield><marc:subfield code="c">1896.</marc:subfield></marc:datafield><marc:datafield tag="300" ind1=" " ind2=" "><marc:subfield code="a">xl, 153 p. ;</marc:subfield><marc:subfield code="c">8º.</marc:subfield></marc:datafield><marc:datafield tag="700" ind1="1" ind2=" "><marc:subfield code="a">CLELAND, Elizabeth,</marc:subfield><marc:subfield code="c">Music Governess at the Church of Scotland Training School in Aberdeen.</marc:subfield></marc:datafield><marc:datafield tag="852" ind1="4" ind2="1"><marc:subfield code="a">British Library</marc:subfield><marc:subfield code="b">HMNTS</marc:subfield><marc:subfield code="j">8366.b.54.</marc:subfield></marc:datafield><marc:datafield tag="886" ind1="2" ind2=" "><marc:subfield code="2">blmarc</marc:subfield><marc:subfield code="a">709</marc:subfield><marc:subfield code="b">00</marc:subfield><marc:subfield code="a">CLELAND</marc:subfield><marc:subfield code="h">Elizabeth</marc:subfield><marc:subfield code="f">Music Governess at the Church of Scotland Training School in Aberdeen</marc:subfield><marc:subfield code="p">8366.b.54.</marc:subfield><marc:subfield code="x">0640610005</marc:subfield></marc:datafield></marc:record>