
<marc:record><marc:leader>00596cas a22001693  4500</marc:leader>
<marc:controlfield tag="001">000006558</marc:controlfield>
<marc:controlfield tag="003">Uk</marc:controlfield><marc:controlfield tag="005">20130805112926.0</marc:controlfield><marc:controlfield tag="008">870813d18uu1907stkuu p       0   a0eng  </marc:controlfield><marc:datafield tag="040" ind1=" " ind2=" "><marc:subfield code="a">Uk</marc:subfield><marc:subfield code="c">Uk</marc:subfield></marc:datafield><marc:datafield tag="110" ind1="2" ind2=" "><marc:subfield code="a">Aberdeen Grammar School (Aberdeen, Scotland)</marc:subfield></marc:datafield><marc:datafield tag="245" ind1="1" ind2="4"><marc:subfield code="a">The Grammar School magazine.</marc:subfield></marc:datafield><marc:datafield tag="260" ind1=" " ind2=" "><marc:subfield code="a">Aberdeen,</marc:subfield><marc:subfield code="c">-1907.</marc:subfield></marc:datafield><marc:datafield tag="300" ind1=" " ind2=" "><marc:subfield code="a">v. ;</marc:subfield><marc:subfield code="c">8º.</marc:subfield></marc:datafield><marc:datafield tag="540" ind1=" " ind2=" "><marc:subfield code="a">Current copyright fee: GBP12.00</marc:subfield><marc:subfield code="c">0</marc:subfield><marc:subfield code="5">Uk</marc:subfield></marc:datafield><marc:datafield tag="785" ind1="0" ind2="0"><marc:subfield code="a">Aberdeen Grammar School (Aberdeen, Scotland).</marc:subfield><marc:subfield code="t">Aberdeen Grammar School magazine</marc:subfield></marc:datafield><marc:datafield tag="852" ind1="4" ind2="1"><marc:subfield code="a">British Library</marc:subfield><marc:subfield code="b">HMNTS</marc:subfield><marc:subfield code="j">P.P.6225.cbd.</marc:subfield><marc:subfield code="3">New series. no. 1 (Jan. 1894)-v. 10, no. 2 (Mar. 1907)</marc:subfield></marc:datafield></marc:record>