
<marc:record><marc:leader>00844cam a22001933  4500</marc:leader>
<marc:controlfield tag="001">000006583</marc:controlfield>
<marc:controlfield tag="003">Uk</marc:controlfield><marc:controlfield tag="005">20121009194900.0</marc:controlfield><marc:controlfield tag="008">870813|1888|||||||    ||     ||| |||||  </marc:controlfield><marc:datafield tag="040" ind1=" " ind2=" "><marc:subfield code="a">Uk</marc:subfield><marc:subfield code="c">Uk</marc:subfield></marc:datafield><marc:datafield tag="110" ind1="2" ind2=" "><marc:subfield code="a">New Spalding Club (ABERDEEN)</marc:subfield></marc:datafield><marc:datafield tag="245" ind1="1" ind2="0"><marc:subfield code="a">Cartularium Ecclesiæ Sancti Nicholai Aberdonensis. Recognovit Jacobus Cooper.</marc:subfield></marc:datafield><marc:datafield tag="260" ind1=" " ind2=" "><marc:subfield code="a">Aberdoniæ,</marc:subfield><marc:subfield code="c">1888, 92.</marc:subfield></marc:datafield><marc:datafield tag="300" ind1=" " ind2=" "><marc:subfield code="a">2 vol. ;</marc:subfield><marc:subfield code="c">4º.</marc:subfield></marc:datafield><marc:datafield tag="700" ind1="1" ind2=" "><marc:subfield code="a">COOPER, James,</marc:subfield><marc:subfield code="c">Regius Professor of Ecclesiastical History in the University of Glasgow.</marc:subfield></marc:datafield><marc:datafield tag="710" ind1="2" ind2=" "><marc:subfield code="a">Collegiate Church of Saint Nicholas (ABERDEEN)</marc:subfield></marc:datafield><marc:datafield tag="852" ind1="4" ind2="1"><marc:subfield code="a">British Library</marc:subfield><marc:subfield code="b">HMNTS</marc:subfield><marc:subfield code="j">Ac.8245/2.</marc:subfield></marc:datafield><marc:datafield tag="886" ind1="2" ind2=" "><marc:subfield code="2">blmarc</marc:subfield><marc:subfield code="a">709</marc:subfield><marc:subfield code="b">00</marc:subfield><marc:subfield code="a">ABERDEEN</marc:subfield><marc:subfield code="d">Collegiate Church of Saint Nicholas</marc:subfield><marc:subfield code="p">Ac.8245/2.</marc:subfield><marc:subfield code="x">0012890154</marc:subfield></marc:datafield><marc:datafield tag="886" ind1="2" ind2=" "><marc:subfield code="2">blmarc</marc:subfield><marc:subfield code="a">709</marc:subfield><marc:subfield code="b">00</marc:subfield><marc:subfield code="a">COOPER</marc:subfield><marc:subfield code="h">James</marc:subfield><marc:subfield code="f">Regius Professor of Ecclesiastical History in the University of Glasgow</marc:subfield><marc:subfield code="p">Ac.8245/2.</marc:subfield><marc:subfield code="x">0691710023</marc:subfield></marc:datafield></marc:record>