
<marc:record><marc:leader>00747cam a22001933  4500</marc:leader>
<marc:controlfield tag="001">000006587</marc:controlfield>
<marc:controlfield tag="003">Uk</marc:controlfield><marc:controlfield tag="005">20111101083400.0</marc:controlfield><marc:controlfield tag="008">870813|1894|||||||    ||     ||| |||||  </marc:controlfield><marc:datafield tag="040" ind1=" " ind2=" "><marc:subfield code="a">Uk</marc:subfield><marc:subfield code="c">Uk</marc:subfield></marc:datafield><marc:datafield tag="110" ind1="2" ind2=" "><marc:subfield code="a">New Spalding Club (ABERDEEN)</marc:subfield></marc:datafield><marc:datafield tag="245" ind1="1" ind2="0"><marc:subfield code="a">Hectoris Boetii Murthlacensium et Aberdonensium episcoporum vitae. Edited and translated by J. Moir.</marc:subfield></marc:datafield><marc:datafield tag="260" ind1=" " ind2=" "><marc:subfield code="a">pp. xvii. 210. 11. 20. Aberdeen, 1894.</marc:subfield></marc:datafield><marc:datafield tag="300" ind1=" " ind2=" "><marc:subfield code="a">4º.</marc:subfield></marc:datafield><marc:datafield tag="700" ind1="1" ind2=" "><marc:subfield code="a">Boece, Hector,</marc:subfield><marc:subfield code="d">1465?-1536.</marc:subfield></marc:datafield><marc:datafield tag="700" ind1="1" ind2=" "><marc:subfield code="a">MOIR, James,</marc:subfield><marc:subfield code="c">Rector of Aberdeen Grammar School.</marc:subfield></marc:datafield><marc:datafield tag="852" ind1="4" ind2="1"><marc:subfield code="a">British Library</marc:subfield><marc:subfield code="b">HMNTS</marc:subfield><marc:subfield code="j">Ac.8245/12.</marc:subfield></marc:datafield><marc:datafield tag="886" ind1="2" ind2=" "><marc:subfield code="2">blmarc</marc:subfield><marc:subfield code="a">709</marc:subfield><marc:subfield code="b">00</marc:subfield><marc:subfield code="a">BOETHIUS</marc:subfield><marc:subfield code="h">Hector</marc:subfield><marc:subfield code="p">Ac.8245/12.</marc:subfield><marc:subfield code="x">0360250130</marc:subfield></marc:datafield><marc:datafield tag="886" ind1="2" ind2=" "><marc:subfield code="2">blmarc</marc:subfield><marc:subfield code="a">709</marc:subfield><marc:subfield code="b">00</marc:subfield><marc:subfield code="a">MOIR</marc:subfield><marc:subfield code="h">James</marc:subfield><marc:subfield code="f">Rector of Aberdeen Grammar School</marc:subfield><marc:subfield code="p">Ac.8245/12.</marc:subfield><marc:subfield code="x">2240720212</marc:subfield></marc:datafield></marc:record>