
<marc:record><marc:leader>00753cam a22001933  4500</marc:leader>
<marc:controlfield tag="001">000006593</marc:controlfield>
<marc:controlfield tag="003">Uk</marc:controlfield><marc:controlfield tag="005">20120120152500.0</marc:controlfield><marc:controlfield tag="008">870813|1893|||||||    ||     ||| |||||  </marc:controlfield><marc:datafield tag="040" ind1=" " ind2=" "><marc:subfield code="a">Uk</marc:subfield><marc:subfield code="c">Uk</marc:subfield></marc:datafield><marc:datafield tag="110" ind1="2" ind2=" "><marc:subfield code="a">New Spalding Club (ABERDEEN)</marc:subfield></marc:datafield><marc:datafield tag="245" ind1="1" ind2="0"><marc:subfield code="a">Officers and Graduates of University and King's College, Aberdeen, MVD-MDCCCLX. Edited by P. J. Anderson.</marc:subfield></marc:datafield><marc:datafield tag="260" ind1=" " ind2=" "><marc:subfield code="a">Aberdeen,</marc:subfield><marc:subfield code="c">1893.</marc:subfield></marc:datafield><marc:datafield tag="300" ind1=" " ind2=" "><marc:subfield code="a">xvii, 399 p. ;</marc:subfield><marc:subfield code="c">4º.</marc:subfield></marc:datafield><marc:datafield tag="700" ind1="1" ind2=" "><marc:subfield code="a">ANDERSON, Peter John.</marc:subfield></marc:datafield><marc:datafield tag="710" ind1="2" ind2=" "><marc:subfield code="a">University of Aberdeen.</marc:subfield><marc:subfield code="t">Lists and Class Records.</marc:subfield></marc:datafield><marc:datafield tag="852" ind1="4" ind2="1"><marc:subfield code="a">British Library</marc:subfield><marc:subfield code="b">HMNTS</marc:subfield><marc:subfield code="j">Ac.8245/9.</marc:subfield></marc:datafield><marc:datafield tag="886" ind1="2" ind2=" "><marc:subfield code="2">blmarc</marc:subfield><marc:subfield code="a">709</marc:subfield><marc:subfield code="b">00</marc:subfield><marc:subfield code="a">ABERDEEN</marc:subfield><marc:subfield code="d">University of Aberdeen</marc:subfield><marc:subfield code="t">Lists and Class Records</marc:subfield><marc:subfield code="p">Ac.8245/9.</marc:subfield><marc:subfield code="x">0012950165</marc:subfield></marc:datafield><marc:datafield tag="886" ind1="2" ind2=" "><marc:subfield code="2">blmarc</marc:subfield><marc:subfield code="a">709</marc:subfield><marc:subfield code="b">00</marc:subfield><marc:subfield code="a">ANDERSON</marc:subfield><marc:subfield code="h">Peter John</marc:subfield><marc:subfield code="p">Ac.8245/9.</marc:subfield><marc:subfield code="x">0080580009</marc:subfield></marc:datafield></marc:record>