
<marc:record><marc:leader>00870cam a22002053  4500</marc:leader>
<marc:controlfield tag="001">000006599</marc:controlfield>
<marc:controlfield tag="003">Uk</marc:controlfield><marc:controlfield tag="005">20120829163000.0</marc:controlfield><marc:controlfield tag="008">950606|1899|||||||    ||     ||| |||||  </marc:controlfield><marc:datafield tag="040" ind1=" " ind2=" "><marc:subfield code="a">Uk</marc:subfield><marc:subfield code="c">Uk</marc:subfield></marc:datafield><marc:datafield tag="110" ind1="2" ind2=" "><marc:subfield code="a">New Spalding Club (ABERDEEN)</marc:subfield></marc:datafield><marc:datafield tag="245" ind1="1" ind2="0"><marc:subfield code="a">Records of Old Aberdeen, MCLVII.-MDCCCXCI (MDCCCXCVIII-MCMIII). Edited by A. M. Munro.</marc:subfield></marc:datafield><marc:datafield tag="260" ind1=" " ind2=" "><marc:subfield code="a">Aberdeen,</marc:subfield><marc:subfield code="c">1899, 1909.</marc:subfield></marc:datafield><marc:datafield tag="300" ind1=" " ind2=" "><marc:subfield code="a">2 vol. ;</marc:subfield><marc:subfield code="c">8º.</marc:subfield></marc:datafield><marc:datafield tag="700" ind1="1" ind2=" "><marc:subfield code="a">Munro, Alexander Macdonald.</marc:subfield></marc:datafield><marc:datafield tag="720" ind1=" " ind2=" "><marc:subfield code="a">ABERDEEN. Official Documents</marc:subfield></marc:datafield><marc:datafield tag="787" ind1="0" ind2=" "><marc:subfield code="t">[Records of Old Aberdeen, MCLVII.-MDCCCXCI (MDCCCXCVIII-MCMIII). Edited by A. M. Munro.]</marc:subfield><marc:subfield code="w">(Uk)MP1.0000007063.1</marc:subfield></marc:datafield><marc:datafield tag="852" ind1="4" ind2="1"><marc:subfield code="a">British Library</marc:subfield><marc:subfield code="b">HMNTS</marc:subfield><marc:subfield code="j">Ac.8245/16.</marc:subfield></marc:datafield><marc:datafield tag="886" ind1="2" ind2=" "><marc:subfield code="2">blmarc</marc:subfield><marc:subfield code="a">709</marc:subfield><marc:subfield code="b">00</marc:subfield><marc:subfield code="a">ABERDEEN</marc:subfield><marc:subfield code="t">Official Documents</marc:subfield><marc:subfield code="p">Ac.1482.</marc:subfield><marc:subfield code="x">001287017X</marc:subfield><marc:subfield code="p">Ac.8245/16.</marc:subfield><marc:subfield code="x">001287017X</marc:subfield></marc:datafield><marc:datafield tag="886" ind1="2" ind2=" "><marc:subfield code="2">blmarc</marc:subfield><marc:subfield code="a">709</marc:subfield><marc:subfield code="b">00</marc:subfield><marc:subfield code="a">MUNRO</marc:subfield><marc:subfield code="h">Alexander Macdonald</marc:subfield><marc:subfield code="p">Ac.8245/16.</marc:subfield><marc:subfield code="x">2301450244</marc:subfield><marc:subfield code="p">Ac.1482.</marc:subfield><marc:subfield code="x">2301450252</marc:subfield></marc:datafield></marc:record>