
<marc:record><marc:leader>00718cam a22001813  4500</marc:leader>
<marc:controlfield tag="001">000006626</marc:controlfield>
<marc:controlfield tag="003">Uk</marc:controlfield><marc:controlfield tag="005">20110119132200.0</marc:controlfield><marc:controlfield tag="008">870813|1886|||||||    ||     ||| |||||  </marc:controlfield><marc:datafield tag="040" ind1=" " ind2=" "><marc:subfield code="a">Uk</marc:subfield><marc:subfield code="c">Uk</marc:subfield></marc:datafield><marc:datafield tag="110" ind1="2" ind2=" "><marc:subfield code="a">Public Library (ABERDEEN)</marc:subfield></marc:datafield><marc:datafield tag="245" ind1="1" ind2="0"><marc:subfield code="a">Catalogue of the Lending Department. [By A. W. Robertson.]</marc:subfield></marc:datafield><marc:datafield tag="260" ind1=" " ind2=" "><marc:subfield code="a">pp. xvi. 584. 75. Aberdeen, 1886.</marc:subfield></marc:datafield><marc:datafield tag="300" ind1=" " ind2=" "><marc:subfield code="a">8º.</marc:subfield></marc:datafield><marc:datafield tag="700" ind1="1" ind2=" "><marc:subfield code="a">Robertson, Alexander Webster,</marc:subfield><marc:subfield code="d">1847-1911.</marc:subfield></marc:datafield><marc:datafield tag="775" ind1="0" ind2=" "><marc:subfield code="t">[Catalogue of the Lending Department. [By A. W. Robertson.]]</marc:subfield><marc:subfield code="d">pp. iv. 603. Aberdeen, 1898. 8º.</marc:subfield><marc:subfield code="w">(Uk)MP1.0000007090.1</marc:subfield></marc:datafield><marc:datafield tag="852" ind1="4" ind2="1"><marc:subfield code="a">British Library</marc:subfield><marc:subfield code="b">HMNTS</marc:subfield><marc:subfield code="j">11900.aaaa.10.</marc:subfield></marc:datafield><marc:datafield tag="886" ind1="2" ind2=" "><marc:subfield code="2">blmarc</marc:subfield><marc:subfield code="a">709</marc:subfield><marc:subfield code="b">00</marc:subfield><marc:subfield code="a">ROBERTSON</marc:subfield><marc:subfield code="h">Alexander Webster</marc:subfield><marc:subfield code="p">11900.aaaa.10.</marc:subfield><marc:subfield code="x">2774170176</marc:subfield><marc:subfield code="p">11900.b.57.</marc:subfield><marc:subfield code="x">2774170184</marc:subfield></marc:datafield></marc:record>