
<marc:record><marc:leader>00803cam a22001693  4500</marc:leader>
<marc:controlfield tag="001">000006661</marc:controlfield>
<marc:controlfield tag="003">Uk</marc:controlfield><marc:controlfield tag="005">20110119132200.0</marc:controlfield><marc:controlfield tag="008">870813|1863|||||||    ||     ||| ||eng  </marc:controlfield><marc:datafield tag="040" ind1=" " ind2=" "><marc:subfield code="a">Uk</marc:subfield><marc:subfield code="c">Uk</marc:subfield></marc:datafield><marc:datafield tag="110" ind1="2" ind2=" "><marc:subfield code="a">Spalding Club (ABERDEEN)</marc:subfield></marc:datafield><marc:datafield tag="245" ind1="1" ind2="4"><marc:subfield code="a">The Diary of Alexander Brodie of Brodie, MDCLII-MDCLXXX, and of his son, James Brodie of Brodie, MDCLXXX-MDCLXXXV. Consisting of extracts from the existing manuscripts, and a republication of the volume printed at Edinburgh in the year 1740. [Edited, with a preface, by David Laing.]</marc:subfield></marc:datafield><marc:datafield tag="260" ind1=" " ind2=" "><marc:subfield code="a">pp. lxxvi. xii. 560. Aberdeen, 1863.</marc:subfield></marc:datafield><marc:datafield tag="300" ind1=" " ind2=" "><marc:subfield code="a">4º.</marc:subfield></marc:datafield><marc:datafield tag="700" ind1="1" ind2=" "><marc:subfield code="a">LAING, David,</marc:subfield><marc:subfield code="c">Secretary of the Bannatyne Club.</marc:subfield></marc:datafield><marc:datafield tag="852" ind1="4" ind2="1"><marc:subfield code="a">British Library</marc:subfield><marc:subfield code="b">HMNTS</marc:subfield><marc:subfield code="j">Ac.8244/22.</marc:subfield></marc:datafield><marc:datafield tag="886" ind1="2" ind2=" "><marc:subfield code="2">blmarc</marc:subfield><marc:subfield code="a">709</marc:subfield><marc:subfield code="b">00</marc:subfield><marc:subfield code="a">LAING</marc:subfield><marc:subfield code="h">David</marc:subfield><marc:subfield code="f">Secretary of the Bannatyne Club</marc:subfield><marc:subfield code="p">Ac.8244/22.</marc:subfield><marc:subfield code="x">1823040217</marc:subfield></marc:datafield></marc:record>