
<marc:record><marc:leader>00752cam a22001933  4500</marc:leader>
<marc:controlfield tag="001">000006664</marc:controlfield>
<marc:controlfield tag="003">Uk</marc:controlfield><marc:controlfield tag="005">20120120152500.0</marc:controlfield><marc:controlfield tag="008">990205|1854|||||||    ||     ||| |||||  </marc:controlfield><marc:datafield tag="040" ind1=" " ind2=" "><marc:subfield code="a">Uk</marc:subfield><marc:subfield code="c">Uk</marc:subfield></marc:datafield><marc:datafield tag="110" ind1="2" ind2=" "><marc:subfield code="a">Spalding Club (ABERDEEN)</marc:subfield></marc:datafield><marc:datafield tag="245" ind1="1" ind2="0"><marc:subfield code="a">Fasti Aberdonenses. Selections from the records of the University and King's College of Aberdeen, 1494-1854. [Edited, with a preface, by C. Innes.]</marc:subfield></marc:datafield><marc:datafield tag="260" ind1=" " ind2=" "><marc:subfield code="a">Aberdeen,</marc:subfield><marc:subfield code="c">1854.</marc:subfield></marc:datafield><marc:datafield tag="300" ind1=" " ind2=" "><marc:subfield code="a">lxxxix, 691 p. ;</marc:subfield><marc:subfield code="c">4º.</marc:subfield></marc:datafield><marc:datafield tag="700" ind1="1" ind2=" "><marc:subfield code="a">Innes, Cosmo,</marc:subfield><marc:subfield code="d">1798-1874.</marc:subfield></marc:datafield><marc:datafield tag="710" ind1="2" ind2=" "><marc:subfield code="a">University of Aberdeen.</marc:subfield></marc:datafield><marc:datafield tag="852" ind1="4" ind2="1"><marc:subfield code="a">British Library</marc:subfield><marc:subfield code="b">HMNTS</marc:subfield><marc:subfield code="j">Ac.8244/16.</marc:subfield></marc:datafield><marc:datafield tag="886" ind1="2" ind2=" "><marc:subfield code="2">blmarc</marc:subfield><marc:subfield code="a">709</marc:subfield><marc:subfield code="b">00</marc:subfield><marc:subfield code="a">ABERDEEN</marc:subfield><marc:subfield code="d">University of Aberdeen</marc:subfield><marc:subfield code="p">Unallocated</marc:subfield><marc:subfield code="x">0012950009</marc:subfield></marc:datafield><marc:datafield tag="886" ind1="2" ind2=" "><marc:subfield code="2">blmarc</marc:subfield><marc:subfield code="a">709</marc:subfield><marc:subfield code="b">00</marc:subfield><marc:subfield code="a">INNES</marc:subfield><marc:subfield code="h">Cosmo</marc:subfield><marc:subfield code="f">Antiquary</marc:subfield><marc:subfield code="p">Ac.8244/16.</marc:subfield><marc:subfield code="x">1584710217</marc:subfield></marc:datafield></marc:record>