
<marc:record><marc:leader>00897cam a22001933  4500</marc:leader>
<marc:controlfield tag="001">000006665</marc:controlfield>
<marc:controlfield tag="003">Uk</marc:controlfield><marc:controlfield tag="005">20120120152500.0</marc:controlfield><marc:controlfield tag="008">870813|1843|||||||    ||     ||| |||||  </marc:controlfield><marc:datafield tag="040" ind1=" " ind2=" "><marc:subfield code="a">Uk</marc:subfield><marc:subfield code="c">Uk</marc:subfield></marc:datafield><marc:datafield tag="110" ind1="2" ind2=" "><marc:subfield code="a">Spalding Club (ABERDEEN)</marc:subfield></marc:datafield><marc:datafield tag="245" ind1="1" ind2="2"><marc:subfield code="a">A Fragment of a Memoir of Field-Marshal James Keith, written by himself. 1714-1734. [With &quot;Memoirs of George Keith, hereditary Earl Marischal of Scotland,&quot; a fragment, here ascribed to Sir Robert Strange. Edited by Thomas Constable.]</marc:subfield></marc:datafield><marc:datafield tag="260" ind1=" " ind2=" "><marc:subfield code="a">Edinburgh,</marc:subfield><marc:subfield code="c">1843.</marc:subfield></marc:datafield><marc:datafield tag="300" ind1=" " ind2=" "><marc:subfield code="a">xiv, 124 p. ;</marc:subfield><marc:subfield code="c">4º.</marc:subfield></marc:datafield><marc:datafield tag="700" ind1="1" ind2=" "><marc:subfield code="a">CONSTABLE, Thomas,</marc:subfield><marc:subfield code="c">Son of Archibald Constable the Elder.</marc:subfield></marc:datafield><marc:datafield tag="700" ind1="1" ind2=" "><marc:subfield code="a">KEITH, James Francis Edward.</marc:subfield></marc:datafield><marc:datafield tag="852" ind1="4" ind2="1"><marc:subfield code="a">British Library</marc:subfield><marc:subfield code="b">HMNTS</marc:subfield><marc:subfield code="j">Ac.8244/5.</marc:subfield></marc:datafield><marc:datafield tag="886" ind1="2" ind2=" "><marc:subfield code="2">blmarc</marc:subfield><marc:subfield code="a">709</marc:subfield><marc:subfield code="b">00</marc:subfield><marc:subfield code="a">CONSTABLE</marc:subfield><marc:subfield code="h">Thomas</marc:subfield><marc:subfield code="f">Son of Archibald Constable the Elder</marc:subfield><marc:subfield code="p">Ac.8244/5.</marc:subfield><marc:subfield code="x">0682570281</marc:subfield></marc:datafield><marc:datafield tag="886" ind1="2" ind2=" "><marc:subfield code="2">blmarc</marc:subfield><marc:subfield code="a">709</marc:subfield><marc:subfield code="b">00</marc:subfield><marc:subfield code="a">KEITH</marc:subfield><marc:subfield code="h">James Francis Edward</marc:subfield><marc:subfield code="p">Ac.8244/5.</marc:subfield><marc:subfield code="x">1721650075</marc:subfield></marc:datafield></marc:record>