
<marc:record><marc:leader>00953cas a22001933  4500</marc:leader>
<marc:controlfield tag="001">000006704</marc:controlfield>
<marc:controlfield tag="003">Uk</marc:controlfield><marc:controlfield tag="005">20121019150000.0</marc:controlfield><marc:controlfield tag="008">870813u1883||||||||||p|||    |   |||||  </marc:controlfield><marc:datafield tag="040" ind1=" " ind2=" "><marc:subfield code="a">Uk</marc:subfield><marc:subfield code="c">Uk</marc:subfield></marc:datafield><marc:datafield tag="110" ind1="2" ind2=" "><marc:subfield code="a">University of Aberdeen</marc:subfield></marc:datafield><marc:datafield tag="245" ind1="1" ind2="0"><marc:subfield code="a">Alma Mater: Aberdeen University Magazine. vol. 1. no. 1-vol. 72. 28 Nov. 1883-Spring 1962.</marc:subfield></marc:datafield><marc:datafield tag="260" ind1=" " ind2=" "><marc:subfield code="a">Aberdeen,</marc:subfield><marc:subfield code="c">1883-1962.</marc:subfield></marc:datafield><marc:datafield tag="300" ind1=" " ind2=" "><marc:subfield code="c">8º &amp; 4º.</marc:subfield></marc:datafield><marc:datafield tag="500" ind1=" " ind2=" "><marc:subfield code="a">None published between June 1934 and Jan. 1939. The issues from Oct. 1933 to June 1934 are lettered “New Series.” vol. 1. no. 1-8. The old series recommences with vol. 56, no. 1, issued for Jan. 1939.</marc:subfield></marc:datafield><marc:datafield tag="700" ind1="1" ind2=" "><marc:subfield code="a">Bulloch, John Malcolm.</marc:subfield></marc:datafield><marc:datafield tag="852" ind1="4" ind2="1"><marc:subfield code="a">British Library</marc:subfield><marc:subfield code="b">HMNTS</marc:subfield><marc:subfield code="j">P.P.6225.cc.</marc:subfield></marc:datafield><marc:datafield tag="852" ind1="4" ind2="1"><marc:subfield code="a">British Library</marc:subfield><marc:subfield code="b">HMNTS</marc:subfield><marc:subfield code="j">P.P.6225.cca.</marc:subfield><marc:subfield code="3">[Another copy of vol. 8.] Alma Mater, etc. Ms. notes [by J. M. Bulloch, identifying the contributors]. Aberdeen, 1891. 4º.</marc:subfield></marc:datafield><marc:datafield tag="886" ind1="2" ind2=" "><marc:subfield code="2">blmarc</marc:subfield><marc:subfield code="a">709</marc:subfield><marc:subfield code="b">00</marc:subfield><marc:subfield code="a">BULLOCH</marc:subfield><marc:subfield code="h">John Malcolm</marc:subfield><marc:subfield code="p">P.P.6225.cca.</marc:subfield><marc:subfield code="x">0472100289</marc:subfield></marc:datafield></marc:record>