
<marc:record><marc:leader>00977cam a22002173  4500</marc:leader>
<marc:controlfield tag="001">000006715</marc:controlfield>
<marc:controlfield tag="003">Uk</marc:controlfield><marc:controlfield tag="005">20110119132200.0</marc:controlfield><marc:controlfield tag="008">870813|1882|||||||    ||     ||| |||||  </marc:controlfield><marc:datafield tag="040" ind1=" " ind2=" "><marc:subfield code="a">Uk</marc:subfield><marc:subfield code="c">Uk</marc:subfield></marc:datafield><marc:datafield tag="110" ind1="2" ind2=" "><marc:subfield code="a">University of Aberdeen.</marc:subfield></marc:datafield><marc:datafield tag="240" ind1="1" ind2="0"><marc:subfield code="a">Lists and Class Records</marc:subfield></marc:datafield><marc:datafield tag="245" ind1="1" ind2="0"><marc:subfield code="a">Records of the Arts Class, 1868-72 ... Edited by P. J. Anderson.</marc:subfield></marc:datafield><marc:datafield tag="260" ind1=" " ind2=" "><marc:subfield code="a">Aberdeen :</marc:subfield><marc:subfield code="b">Privately printed,</marc:subfield><marc:subfield code="c">1882.</marc:subfield></marc:datafield><marc:datafield tag="300" ind1=" " ind2=" "><marc:subfield code="a">108 p. ;</marc:subfield><marc:subfield code="c">4º.</marc:subfield></marc:datafield><marc:datafield tag="500" ind1=" " ind2=" "><marc:subfield code="a">No. 96 of an edition of 100 copies.</marc:subfield></marc:datafield><marc:datafield tag="700" ind1="1" ind2=" "><marc:subfield code="a">ANDERSON, Peter John.</marc:subfield></marc:datafield><marc:datafield tag="775" ind1="0" ind2=" "><marc:subfield code="t">[Records of the Arts Class, 1868-72 ... Edited by P. J. Anderson.]</marc:subfield><marc:subfield code="d">pp. 250. Printed for the Class: Aberdeen, 1892. 4º.</marc:subfield><marc:subfield code="w">(Uk)MP1.0000007184.1</marc:subfield></marc:datafield><marc:datafield tag="775" ind1="0" ind2=" "><marc:subfield code="t">[Records of the Arts Class, 1868-72 ... Edited by P. J. Anderson.]</marc:subfield><marc:subfield code="d">2 pt. Aberdeen, 1902, 12. 4º.</marc:subfield><marc:subfield code="w">(Uk)MP1.0000007184.2</marc:subfield></marc:datafield><marc:datafield tag="852" ind1="4" ind2="1"><marc:subfield code="a">British Library</marc:subfield><marc:subfield code="b">HMNTS</marc:subfield><marc:subfield code="j">8365.ff.9.</marc:subfield></marc:datafield><marc:datafield tag="886" ind1="2" ind2=" "><marc:subfield code="2">blmarc</marc:subfield><marc:subfield code="a">709</marc:subfield><marc:subfield code="b">00</marc:subfield><marc:subfield code="a">ANDERSON</marc:subfield><marc:subfield code="h">Peter John</marc:subfield><marc:subfield code="p">8364.h.23.</marc:subfield><marc:subfield code="x">0080590039</marc:subfield><marc:subfield code="p">8365.f.37.</marc:subfield><marc:subfield code="x">0080590039</marc:subfield><marc:subfield code="p">8365.ff.9.</marc:subfield><marc:subfield code="x">0080590039</marc:subfield></marc:datafield></marc:record>