
<marc:record><marc:leader>00819cas a22001693  4500</marc:leader>
<marc:controlfield tag="001">000006729</marc:controlfield>
<marc:controlfield tag="003">Uk</marc:controlfield><marc:controlfield tag="005">20110119132200.0</marc:controlfield><marc:controlfield tag="008">870813|1900|||||||    ||     ||| |||||  </marc:controlfield><marc:datafield tag="040" ind1=" " ind2=" "><marc:subfield code="a">Uk</marc:subfield><marc:subfield code="c">Uk</marc:subfield></marc:datafield><marc:datafield tag="110" ind1="2" ind2=" "><marc:subfield code="a">University of Aberdeen.</marc:subfield></marc:datafield><marc:datafield tag="240" ind1="1" ind2="0"><marc:subfield code="a">Miscellaneous Publications</marc:subfield></marc:datafield><marc:datafield tag="245" ind1="1" ind2="0"><marc:subfield code="a">Aberdeen University Studies.</marc:subfield></marc:datafield><marc:datafield tag="260" ind1=" " ind2=" "><marc:subfield code="a">Aberdeen, 1900- .</marc:subfield></marc:datafield><marc:datafield tag="300" ind1=" " ind2=" "><marc:subfield code="a">fol. 4º &amp; 8º.</marc:subfield></marc:datafield><marc:datafield tag="500" ind1=" " ind2=" "><marc:subfield code="a">No. 1. “Roll of Alumni in Arts of the University &amp; King's College” has been placed at: 2094b. No. 66, “A Concise Bibliography of the History, Topography, and Institutions of the Shires of Aberdeen, Banff and Kincadine,” by J. K. F. Johnstone, is placed at B.B.K.c.10*. No. 62, 71, 77, 86, 99, 105, 107, “Aberdeen University Library Bulletin”, vol. 1-7, are placed at Ac.1482.b/3.</marc:subfield></marc:datafield><marc:datafield tag="852" ind1="4" ind2="1"><marc:subfield code="a">British Library</marc:subfield><marc:subfield code="b">HMNTS</marc:subfield><marc:subfield code="j">Ac.1482.</marc:subfield></marc:datafield></marc:record>