
<marc:record><marc:leader>00448cam a22001453  4500</marc:leader>
<marc:controlfield tag="001">000006761</marc:controlfield>
<marc:controlfield tag="003">Uk</marc:controlfield><marc:controlfield tag="005">20120209153600.0</marc:controlfield><marc:controlfield tag="008">870813|1894|||||||    ||     ||| |||||  </marc:controlfield><marc:datafield tag="040" ind1=" " ind2=" "><marc:subfield code="a">Uk</marc:subfield><marc:subfield code="c">Uk</marc:subfield></marc:datafield><marc:datafield tag="110" ind1="2" ind2=" "><marc:subfield code="a">University of Aberdeen.</marc:subfield><marc:subfield code="b">Library.</marc:subfield></marc:datafield><marc:datafield tag="245" ind1="1" ind2="0"><marc:subfield code="a">Catalogue of the Books added to the Library in King's College, Nov. 1891 to March 1894 (to March 1897).</marc:subfield></marc:datafield><marc:datafield tag="260" ind1=" " ind2=" "><marc:subfield code="a">Aberdeen,</marc:subfield><marc:subfield code="c">1894-97.</marc:subfield></marc:datafield><marc:datafield tag="300" ind1=" " ind2=" "><marc:subfield code="c">8º.</marc:subfield></marc:datafield><marc:datafield tag="852" ind1="4" ind2="1"><marc:subfield code="a">British Library</marc:subfield><marc:subfield code="b">HMNTS</marc:subfield><marc:subfield code="j">011900.f.25.</marc:subfield></marc:datafield></marc:record>