
<marc:record><marc:leader>00780cam a22001933  4500</marc:leader>
<marc:controlfield tag="001">000006818</marc:controlfield>
<marc:controlfield tag="003">Uk</marc:controlfield><marc:controlfield tag="005">20110119132200.0</marc:controlfield><marc:controlfield tag="008">870813|1820|||||||    ||    |||| ||eng  </marc:controlfield><marc:datafield tag="040" ind1=" " ind2=" "><marc:subfield code="a">Uk</marc:subfield><marc:subfield code="c">Uk</marc:subfield></marc:datafield><marc:datafield tag="240" ind1="1" ind2="0"><marc:subfield code="a">Appendix</marc:subfield></marc:datafield><marc:datafield tag="245" ind1="1" ind2="4"><marc:subfield code="a">The Black Kalendar of Aberdeen. [By James Bruce.]</marc:subfield></marc:datafield><marc:datafield tag="260" ind1=" " ind2=" "><marc:subfield code="a">Aberdeen :</marc:subfield><marc:subfield code="b">James Strachan,</marc:subfield><marc:subfield code="c">1820.</marc:subfield></marc:datafield><marc:datafield tag="300" ind1=" " ind2=" "><marc:subfield code="a">vi, 266 p. ;</marc:subfield><marc:subfield code="c">16º.</marc:subfield></marc:datafield><marc:datafield tag="700" ind1="1" ind2=" "><marc:subfield code="a">BRUCE, James,</marc:subfield><marc:subfield code="c">Editor of the “Fifeshire Journal.”.</marc:subfield></marc:datafield><marc:datafield tag="720" ind1=" " ind2=" "><marc:subfield code="a">ABERDEEN</marc:subfield><marc:subfield code="e">main entry</marc:subfield></marc:datafield><marc:datafield tag="775" ind1="0" ind2=" "><marc:subfield code="t">[The Black Kalendar of Aberdeen. [By James Bruce.]]</marc:subfield><marc:subfield code="d">pp. 318. vi. G. Clark &amp; Son: Aberdeen, 1845. 8º.</marc:subfield><marc:subfield code="w">(Uk)MP1.0000007288.1</marc:subfield></marc:datafield><marc:datafield tag="852" ind1="4" ind2="1"><marc:subfield code="a">British Library</marc:subfield><marc:subfield code="b">HMNTS</marc:subfield><marc:subfield code="j">1131.c.16.</marc:subfield></marc:datafield><marc:datafield tag="886" ind1="2" ind2=" "><marc:subfield code="2">blmarc</marc:subfield><marc:subfield code="a">709</marc:subfield><marc:subfield code="b">00</marc:subfield><marc:subfield code="a">BRUCE</marc:subfield><marc:subfield code="h">James</marc:subfield><marc:subfield code="f">Editor of the “Fifeshire Journal.”</marc:subfield><marc:subfield code="p">1131.c.16.</marc:subfield><marc:subfield code="x">0450180174</marc:subfield><marc:subfield code="p">6496.a.27.</marc:subfield><marc:subfield code="x">0450180174</marc:subfield></marc:datafield></marc:record>