
<marc:record><marc:leader>00988cam a22001693  4500</marc:leader>
<marc:controlfield tag="001">000006983</marc:controlfield>
<marc:controlfield tag="003">Uk</marc:controlfield><marc:controlfield tag="005">20120120152500.0</marc:controlfield><marc:controlfield tag="008">870813|1856|||||||    ||     ||| |||||  </marc:controlfield><marc:datafield tag="040" ind1=" " ind2=" "><marc:subfield code="a">Uk</marc:subfield><marc:subfield code="c">Uk</marc:subfield></marc:datafield><marc:datafield tag="110" ind1="2" ind2=" "><marc:subfield code="a">Society for the Publication of Ancient Welsh Manuscripts (ABERGAVENNY)</marc:subfield></marc:datafield><marc:datafield tag="245" ind1="1" ind2="0"><marc:subfield code="a">Dosparth Edeyrn Davod aur; or the Ancient Welsh Grammar, which was compiled by Royal Command in the thirteenth century by Edeyrn the Golden Tongued, to which is added y Pum llyfr kerddwriaeth, or the rules of Welsh poetry, originally compiled by Davydd Ddu Athraw, in the fourteenth, and subsequently enlarged by Simwnt Vychan, in the sixteenth century: with English translations and notes by the Rev. John Williams ab Ithel.</marc:subfield></marc:datafield><marc:datafield tag="260" ind1=" " ind2=" "><marc:subfield code="a">Llandovery,</marc:subfield><marc:subfield code="c">1856.</marc:subfield></marc:datafield><marc:datafield tag="300" ind1=" " ind2=" "><marc:subfield code="a">cxxviii, 359 p. ;</marc:subfield><marc:subfield code="c">8º.</marc:subfield></marc:datafield><marc:datafield tag="700" ind1="1" ind2=" "><marc:subfield code="a">WILLIAMS, John,</marc:subfield><marc:subfield code="c">M.A., Rector of Llanymowddwy.</marc:subfield></marc:datafield><marc:datafield tag="852" ind1="4" ind2="1"><marc:subfield code="a">British Library</marc:subfield><marc:subfield code="b">HMNTS</marc:subfield><marc:subfield code="j">Ac.5753/4.</marc:subfield></marc:datafield><marc:datafield tag="886" ind1="2" ind2=" "><marc:subfield code="2">blmarc</marc:subfield><marc:subfield code="a">709</marc:subfield><marc:subfield code="b">00</marc:subfield><marc:subfield code="a">WILLIAMS</marc:subfield><marc:subfield code="h">John</marc:subfield><marc:subfield code="f">M.A., Rector of Llanymowddwy</marc:subfield><marc:subfield code="p">Ac.5753/4.</marc:subfield><marc:subfield code="x">3520650010</marc:subfield></marc:datafield></marc:record>