
<marc:record><marc:leader>01012cam a22001933  4500</marc:leader>
<marc:controlfield tag="001">000006984</marc:controlfield>
<marc:controlfield tag="003">Uk</marc:controlfield><marc:controlfield tag="005">20080320121144.0</marc:controlfield><marc:controlfield tag="008">870813|1846|||||||    ||    o||| |||||  </marc:controlfield><marc:datafield tag="040" ind1=" " ind2=" "><marc:subfield code="a">Uk</marc:subfield><marc:subfield code="c">Uk</marc:subfield></marc:datafield><marc:datafield tag="110" ind1="2" ind2=" "><marc:subfield code="a">Society for the Publication of Ancient Welsh Manuscripts (ABERGAVENNY)</marc:subfield></marc:datafield><marc:datafield tag="245" ind1="1" ind2="0"><marc:subfield code="a">Heraldic Visitations of Wales and Part of the Marches; between the years 1586 and 1613, under the authority of Clarencieux and Norroy ... by Lewis Dwnn ... Transcribed from the original manuscripts, and edited, with numerous explanatory notes; by Sir Samuel Rush Meyrick.</marc:subfield></marc:datafield><marc:datafield tag="260" ind1=" " ind2=" "><marc:subfield code="a">Llandovery,</marc:subfield><marc:subfield code="c">1846.</marc:subfield></marc:datafield><marc:datafield tag="300" ind1=" " ind2=" "><marc:subfield code="a">2 vol. ;</marc:subfield><marc:subfield code="c">4º.</marc:subfield></marc:datafield><marc:datafield tag="700" ind1="1" ind2=" "><marc:subfield code="a">Meyrick, Samuel Rush,</marc:subfield><marc:subfield code="c">Sir,</marc:subfield><marc:subfield code="d">1783-1848.</marc:subfield></marc:datafield><marc:datafield tag="710" ind1="2" ind2=" "><marc:subfield code="a">College of Arms (Great Britain)</marc:subfield><marc:subfield code="t">Visitations. Wales.</marc:subfield></marc:datafield><marc:datafield tag="852" ind1="4" ind2="1"><marc:subfield code="a">British Library</marc:subfield><marc:subfield code="b">HMNTS</marc:subfield><marc:subfield code="j">Ac.5753/6.</marc:subfield></marc:datafield><marc:datafield tag="886" ind1="2" ind2=" "><marc:subfield code="2">blmarc</marc:subfield><marc:subfield code="a">709</marc:subfield><marc:subfield code="b">00</marc:subfield><marc:subfield code="a">ENGLAND</marc:subfield><marc:subfield code="d">Departments of State and Official Bodies</marc:subfield><marc:subfield code="d">College of Arms</marc:subfield><marc:subfield code="t">Visitations</marc:subfield><marc:subfield code="t">Wales</marc:subfield><marc:subfield code="p">Ac.5753/6.</marc:subfield><marc:subfield code="x">0972490175</marc:subfield></marc:datafield><marc:datafield tag="886" ind1="2" ind2=" "><marc:subfield code="2">blmarc</marc:subfield><marc:subfield code="a">709</marc:subfield><marc:subfield code="b">00</marc:subfield><marc:subfield code="a">MEYRICK</marc:subfield><marc:subfield code="e">Sir</marc:subfield><marc:subfield code="h">Samuel Rush</marc:subfield><marc:subfield code="p">Ac.5753/6.</marc:subfield><marc:subfield code="x">2202420339</marc:subfield></marc:datafield></marc:record>