
<marc:record><marc:leader>00820cam a22001693  4500</marc:leader>
<marc:controlfield tag="001">000006985</marc:controlfield>
<marc:controlfield tag="003">Uk</marc:controlfield><marc:controlfield tag="005">20120120152500.0</marc:controlfield><marc:controlfield tag="008">870813|1848|||||||    ||     ||| |||||  </marc:controlfield><marc:datafield tag="040" ind1=" " ind2=" "><marc:subfield code="a">Uk</marc:subfield><marc:subfield code="c">Uk</marc:subfield></marc:datafield><marc:datafield tag="110" ind1="2" ind2=" "><marc:subfield code="a">Society for the Publication of Ancient Welsh Manuscripts (ABERGAVENNY)</marc:subfield></marc:datafield><marc:datafield tag="245" ind1="1" ind2="0"><marc:subfield code="a">Iolo Manuscripts. A selection of ancient Welsh manuscripts in prose and verse, from the collection made by the late Edward Williams, Iolo Morganwg ... With English translations and notes by his son ... Taliesin Williams-ab Iolo-of Merthyr Tydfil.</marc:subfield></marc:datafield><marc:datafield tag="260" ind1=" " ind2=" "><marc:subfield code="a">Llandovery,</marc:subfield><marc:subfield code="c">1848.</marc:subfield></marc:datafield><marc:datafield tag="300" ind1=" " ind2=" "><marc:subfield code="a">xi, 712 p. ;</marc:subfield><marc:subfield code="c">8º.</marc:subfield></marc:datafield><marc:datafield tag="700" ind1="1" ind2=" "><marc:subfield code="a">WILLIAMS, Taliesin,</marc:subfield><marc:subfield code="c">called Taliesin ab Iolo Morganwg.</marc:subfield></marc:datafield><marc:datafield tag="852" ind1="4" ind2="1"><marc:subfield code="a">British Library</marc:subfield><marc:subfield code="b">HMNTS</marc:subfield><marc:subfield code="j">Ac.5753/2.</marc:subfield></marc:datafield><marc:datafield tag="886" ind1="2" ind2=" "><marc:subfield code="2">blmarc</marc:subfield><marc:subfield code="a">709</marc:subfield><marc:subfield code="b">00</marc:subfield><marc:subfield code="a">WILLIAMS</marc:subfield><marc:subfield code="h">Taliesin</marc:subfield><marc:subfield code="f">called Taliesin ab Iolo Morganwg</marc:subfield><marc:subfield code="p">Ac.5753/2.</marc:subfield><marc:subfield code="x">3521610330</marc:subfield></marc:datafield></marc:record>