
<marc:record><marc:leader>00745cam a22001693  4500</marc:leader>
<marc:controlfield tag="001">000006987</marc:controlfield>
<marc:controlfield tag="003">Uk</marc:controlfield><marc:controlfield tag="005">20110119132200.0</marc:controlfield><marc:controlfield tag="008">870813|1853|||||||    ||     ||| |||||  </marc:controlfield><marc:datafield tag="040" ind1=" " ind2=" "><marc:subfield code="a">Uk</marc:subfield><marc:subfield code="c">Uk</marc:subfield></marc:datafield><marc:datafield tag="110" ind1="2" ind2=" "><marc:subfield code="a">Society for the Publication of Ancient Welsh Manuscripts (ABERGAVENNY)</marc:subfield></marc:datafield><marc:datafield tag="245" ind1="1" ind2="0"><marc:subfield code="a">Lives of the Cambro British Saints of the fifth and immediate succeeding centuries, from ancient Welsh and Latin mss. in the British Museum, and elsewhere, with English translations, and explanatory notes; by the Rev. W. J. Rees.</marc:subfield></marc:datafield><marc:datafield tag="260" ind1=" " ind2=" "><marc:subfield code="a">pp. xxiii. 636. 20. Llandovery, 1853.</marc:subfield></marc:datafield><marc:datafield tag="300" ind1=" " ind2=" "><marc:subfield code="a">8º.</marc:subfield></marc:datafield><marc:datafield tag="700" ind1="1" ind2=" "><marc:subfield code="a">REES, William Jenkins.</marc:subfield></marc:datafield><marc:datafield tag="852" ind1="4" ind2="1"><marc:subfield code="a">British Library</marc:subfield><marc:subfield code="b">HMNTS</marc:subfield><marc:subfield code="j">Ac.5753/3.</marc:subfield></marc:datafield><marc:datafield tag="886" ind1="2" ind2=" "><marc:subfield code="2">blmarc</marc:subfield><marc:subfield code="a">709</marc:subfield><marc:subfield code="b">00</marc:subfield><marc:subfield code="a">REES</marc:subfield><marc:subfield code="h">William Jenkins</marc:subfield><marc:subfield code="p">Ac.5753/3.</marc:subfield><marc:subfield code="x">2721780115</marc:subfield></marc:datafield></marc:record>