
<marc:record><marc:leader>00732cam a22001453  4500</marc:leader>
<marc:controlfield tag="001">000006988</marc:controlfield>
<marc:controlfield tag="003">Uk</marc:controlfield><marc:controlfield tag="005">20120120152500.0</marc:controlfield><marc:controlfield tag="008">870813|1861|||||||    ||     ||| ||eng  </marc:controlfield><marc:datafield tag="040" ind1=" " ind2=" "><marc:subfield code="a">Uk</marc:subfield><marc:subfield code="c">Uk</marc:subfield></marc:datafield><marc:datafield tag="110" ind1="2" ind2=" "><marc:subfield code="a">Society for the Publication of Ancient Welsh Manuscripts (ABERGAVENNY)</marc:subfield></marc:datafield><marc:datafield tag="245" ind1="1" ind2="4"><marc:subfield code="a">The Physicians of Myddvai; Meddygon Myddfai, or the medical practice of ... Rhiwallon and his sons, of Myddvai, in Caermarthenshire, physicians to Rhys Gryg ... about the middle of the thirteenth century. From ancient mss. ... with an English translation ... Translated by John Pughe ... and edited by the Rev. John Williams. Welsh &amp; Eng.</marc:subfield></marc:datafield><marc:datafield tag="260" ind1=" " ind2=" "><marc:subfield code="a">Llandovery,</marc:subfield><marc:subfield code="c">1861.</marc:subfield></marc:datafield><marc:datafield tag="300" ind1=" " ind2=" "><marc:subfield code="a">xxx, 470 p. ;</marc:subfield><marc:subfield code="c">8º.</marc:subfield></marc:datafield><marc:datafield tag="852" ind1="4" ind2="1"><marc:subfield code="a">British Library</marc:subfield><marc:subfield code="b">HMNTS</marc:subfield><marc:subfield code="j">Ac.5753/5.</marc:subfield></marc:datafield></marc:record>