
<marc:record><marc:leader>00836cam a22001693  4500</marc:leader>
<marc:controlfield tag="001">000007002</marc:controlfield>
<marc:controlfield tag="003">Uk</marc:controlfield><marc:controlfield tag="005">20110311165800.0</marc:controlfield><marc:controlfield tag="008">870813|1891|||||||    ||     ||| |||||  </marc:controlfield><marc:datafield tag="040" ind1=" " ind2=" "><marc:subfield code="a">Uk</marc:subfield><marc:subfield code="c">Uk</marc:subfield></marc:datafield><marc:datafield tag="100" ind1="1" ind2=" "><marc:subfield code="a">ABERLE, Carl.</marc:subfield></marc:datafield><marc:datafield tag="245" ind1="1" ind2="0"><marc:subfield code="a">Grabdenkmal, Schädel und Abbildungen des Theophrastus Paracelsus. Beiträge zur genaueren Kenntniss derselben, nebst biographischen Anmerkungen und Literatur-Angaben ... Mit 6 Tafeln. (Sonderabdruck aus dem XXVII., XXVIII. und XXXI. Bande ... der Mittheilungen der Gesellschaft für Salzburger Landeskunde.).</marc:subfield></marc:datafield><marc:datafield tag="260" ind1=" " ind2=" "><marc:subfield code="a">Salzburg,</marc:subfield><marc:subfield code="c">1891.</marc:subfield></marc:datafield><marc:datafield tag="300" ind1=" " ind2=" "><marc:subfield code="a">580 p. ;</marc:subfield><marc:subfield code="c">8º.</marc:subfield></marc:datafield><marc:datafield tag="700" ind1="0" ind2=" "><marc:subfield code="a">Paracelsus,</marc:subfield><marc:subfield code="d">1493-1541.</marc:subfield><marc:subfield code="t">Appendix.</marc:subfield></marc:datafield><marc:datafield tag="852" ind1="4" ind2="1"><marc:subfield code="a">British Library</marc:subfield><marc:subfield code="b">HMNTS</marc:subfield><marc:subfield code="j">010706.eee.38.</marc:subfield></marc:datafield><marc:datafield tag="886" ind1="2" ind2=" "><marc:subfield code="2">blmarc</marc:subfield><marc:subfield code="a">709</marc:subfield><marc:subfield code="b">00</marc:subfield><marc:subfield code="a">BOMBAST VON HOHENHEIM</marc:subfield><marc:subfield code="h">Philipp Aureol Theophrast</marc:subfield><marc:subfield code="f">called Paracelsus</marc:subfield><marc:subfield code="t">Appendix</marc:subfield><marc:subfield code="p">010706.eee.38.</marc:subfield><marc:subfield code="x">0364740043</marc:subfield></marc:datafield></marc:record>