
<marc:record><marc:leader>00629cas a22001573  4500</marc:leader>
<marc:controlfield tag="001">000007019</marc:controlfield>
<marc:controlfield tag="003">Uk</marc:controlfield><marc:controlfield tag="005">20120530182300.0</marc:controlfield><marc:controlfield tag="008">921208u1892||||||||||p|||    |   ||eng  </marc:controlfield><marc:datafield tag="040" ind1=" " ind2=" "><marc:subfield code="a">Uk</marc:subfield><marc:subfield code="c">Uk</marc:subfield></marc:datafield><marc:datafield tag="110" ind1="2" ind2=" "><marc:subfield code="a">Scottish Episcopal Church Orphanage (Aberlour, Scotland)</marc:subfield></marc:datafield><marc:datafield tag="245" ind1="1" ind2="4"><marc:subfield code="a">The Orphanage Magazine, etc. vol. 11. no. 127-vol. 34. no. 401. Oct. 1892-Aug. 1915.</marc:subfield></marc:datafield><marc:datafield tag="260" ind1=" " ind2=" "><marc:subfield code="a">Edinburgh,</marc:subfield><marc:subfield code="c">1892-1915.</marc:subfield></marc:datafield><marc:datafield tag="300" ind1=" " ind2=" "><marc:subfield code="c">8º.</marc:subfield></marc:datafield><marc:datafield tag="787" ind1="0" ind2=" "><marc:subfield code="t">The Aberlour Orphanage Monthly Magazine, etc. vol. 34. no. 402-vol. 79. no. 818. Sept. 1915-Sept./Dec. 1960.</marc:subfield><marc:subfield code="d">Edinburgh, 1915-1960. 8º.</marc:subfield><marc:subfield code="w">(Uk)MP1.0000007574.1</marc:subfield></marc:datafield><marc:datafield tag="852" ind1="4" ind2="1"><marc:subfield code="a">British Library</marc:subfield><marc:subfield code="b">HMNTS</marc:subfield><marc:subfield code="j">P.P.1109.c.</marc:subfield></marc:datafield></marc:record>