
<marc:record><marc:leader>01069cam a22001933  4500</marc:leader>
<marc:controlfield tag="001">000007045</marc:controlfield>
<marc:controlfield tag="003">Uk</marc:controlfield><marc:controlfield tag="005">20110119132200.0</marc:controlfield><marc:controlfield tag="008">870813|1814|||||||    ||     ||| |||||  </marc:controlfield><marc:datafield tag="040" ind1=" " ind2=" "><marc:subfield code="a">Uk</marc:subfield><marc:subfield code="c">Uk</marc:subfield></marc:datafield><marc:datafield tag="100" ind1="1" ind2=" "><marc:subfield code="a">ABERNETHY, John,</marc:subfield><marc:subfield code="c">M.R.C.S.</marc:subfield></marc:datafield><marc:datafield tag="245" ind1="1" ind2="3"><marc:subfield code="a">An Enquiry into the Probability and Rationality of Mr. Hunter's Theory of Life; being the subject of the first two anatomical lectures delivered before the Royal College of Surgeons, of London. (Part of the Introductory Lecture for the year 1815.).</marc:subfield></marc:datafield><marc:datafield tag="260" ind1=" " ind2=" "><marc:subfield code="a">pp. 136. Longman &amp; Co.: London, 1814 [1815].</marc:subfield></marc:datafield><marc:datafield tag="300" ind1=" " ind2=" "><marc:subfield code="a">8º.</marc:subfield></marc:datafield><marc:datafield tag="500" ind1=" " ind2=" "><marc:subfield code="a">Pp 1-95 are a reissue of the preceding.</marc:subfield></marc:datafield><marc:datafield tag="700" ind1="1" ind2=" "><marc:subfield code="a">HUNTER, John,</marc:subfield><marc:subfield code="c">F.R.S.</marc:subfield></marc:datafield><marc:datafield tag="852" ind1="4" ind2="1"><marc:subfield code="a">British Library</marc:subfield><marc:subfield code="b">HMNTS</marc:subfield><marc:subfield code="j">45.f.6.</marc:subfield></marc:datafield><marc:datafield tag="852" ind1="4" ind2="1"><marc:subfield code="a">British Library</marc:subfield><marc:subfield code="b">HMNTS</marc:subfield><marc:subfield code="j">781.e.27.</marc:subfield><marc:subfield code="3">[Another copy.] Introductory Lectures, exhibiting some of Mr. Hunter's opinions respecting life and diseases, delivered before the Royal College of Surgeons ... in 1814 and 1815. Longman &amp; Co.: London, 1815. 8º.***With a different titlepage.</marc:subfield></marc:datafield><marc:datafield tag="886" ind1="2" ind2=" "><marc:subfield code="2">blmarc</marc:subfield><marc:subfield code="a">709</marc:subfield><marc:subfield code="b">00</marc:subfield><marc:subfield code="a">HUNTER</marc:subfield><marc:subfield code="h">John</marc:subfield><marc:subfield code="f">F.R.S.</marc:subfield><marc:subfield code="p">45.f.6.</marc:subfield><marc:subfield code="x">156070005X</marc:subfield></marc:datafield></marc:record>