
<marc:record><marc:leader>00936cam a22001813  4500</marc:leader>
<marc:controlfield tag="001">000007054</marc:controlfield>
<marc:controlfield tag="003">Uk</marc:controlfield><marc:controlfield tag="005">20130708175200.0</marc:controlfield><marc:controlfield tag="008">870813|1817||||enk    ||     ||| |||||  </marc:controlfield><marc:datafield tag="040" ind1=" " ind2=" "><marc:subfield code="a">Uk</marc:subfield><marc:subfield code="c">Uk</marc:subfield></marc:datafield><marc:datafield tag="100" ind1="1" ind2=" "><marc:subfield code="a">ABERNETHY, John,</marc:subfield><marc:subfield code="c">M.R.C.S.</marc:subfield></marc:datafield><marc:datafield tag="245" ind1="1" ind2="0"><marc:subfield code="a">Physiological Lectures, exhibiting a general view of Mr. Hunter's physiology, and of his researches in comparative anatomy. Delivered before the Royal College of Surgeons, etc.</marc:subfield></marc:datafield><marc:datafield tag="260" ind1=" " ind2=" "><marc:subfield code="a">London :</marc:subfield><marc:subfield code="b">Longman &amp; Co.,</marc:subfield><marc:subfield code="c">1817.</marc:subfield></marc:datafield><marc:datafield tag="300" ind1=" " ind2=" "><marc:subfield code="a">352 p. ;</marc:subfield><marc:subfield code="c">8º.</marc:subfield></marc:datafield><marc:datafield tag="700" ind1="1" ind2=" "><marc:subfield code="a">HUNTER, John,</marc:subfield><marc:subfield code="c">F.R.S.</marc:subfield></marc:datafield><marc:datafield tag="775" ind1="0" ind2=" "><marc:subfield code="t">[Physiological Lectures, exhibiting a general view of Mr. Hunter's physiology, and of his researches in comparative anatomy. Delivered before the Royal College of Surgeons, etc.]</marc:subfield><marc:subfield code="d">pp. 352. Longman &amp; Co.: London, 1822. 8º.</marc:subfield><marc:subfield code="w">(Uk)MP1.0000007609.1</marc:subfield></marc:datafield><marc:datafield tag="852" ind1="4" ind2="1"><marc:subfield code="a">British Library</marc:subfield><marc:subfield code="b">HMNTS</marc:subfield><marc:subfield code="j">955.k.8.</marc:subfield></marc:datafield><marc:datafield tag="886" ind1="2" ind2=" "><marc:subfield code="2">blmarc</marc:subfield><marc:subfield code="a">709</marc:subfield><marc:subfield code="b">00</marc:subfield><marc:subfield code="a">HUNTER</marc:subfield><marc:subfield code="h">John</marc:subfield><marc:subfield code="f">F.R.S.</marc:subfield><marc:subfield code="p">7320.bb.35.(1.)</marc:subfield><marc:subfield code="x">1560700084</marc:subfield><marc:subfield code="p">955.k.8.</marc:subfield><marc:subfield code="x">1560700084</marc:subfield></marc:datafield></marc:record>