
<marc:record><marc:leader>00902cam a2200205   4500</marc:leader>
<marc:controlfield tag="001">000007056</marc:controlfield>
<marc:controlfield tag="003">Uk</marc:controlfield><marc:controlfield tag="005">20100611154109.0</marc:controlfield><marc:controlfield tag="008">870813s1821    enk           000 0 eng  </marc:controlfield><marc:datafield tag="040" ind1=" " ind2=" "><marc:subfield code="a">Uk</marc:subfield><marc:subfield code="c">Uk</marc:subfield></marc:datafield><marc:datafield tag="100" ind1="1" ind2=" "><marc:subfield code="a">ABERNETHY, John,</marc:subfield><marc:subfield code="c">M.R.C.S.</marc:subfield></marc:datafield><marc:datafield tag="245" ind1="1" ind2="0"><marc:subfield code="a">Reflections on Gall and Spurzheim's system of physiognomy and phrenology,</marc:subfield><marc:subfield code="b">addressed to the Court of Assistants of the Royal College of Surgeons, in London, in June, 1821,</marc:subfield><marc:subfield code="c">By John Abernethy, ...</marc:subfield></marc:datafield><marc:datafield tag="260" ind1=" " ind2=" "><marc:subfield code="a">London:</marc:subfield><marc:subfield code="b">printed for Longman, Hurst, Rees, Orme, and Browne,</marc:subfield><marc:subfield code="c">1821.</marc:subfield></marc:datafield><marc:datafield tag="300" ind1=" " ind2=" "><marc:subfield code="a">[4],75,[1] p.</marc:subfield><marc:subfield code="c">24 cm.</marc:subfield></marc:datafield><marc:datafield tag="700" ind1="1" ind2=" "><marc:subfield code="a">GALL, Franz Joseph.</marc:subfield></marc:datafield><marc:datafield tag="700" ind1="1" ind2=" "><marc:subfield code="a">SPURZHEIM, Johann Caspar.</marc:subfield></marc:datafield><marc:datafield tag="852" ind1="4" ind2="1"><marc:subfield code="a">British Library</marc:subfield><marc:subfield code="b">HMNTS</marc:subfield><marc:subfield code="j">7320.bb.35.(5.)</marc:subfield></marc:datafield><marc:datafield tag="852" ind1="4" ind2="1"><marc:subfield code="a">British Library</marc:subfield><marc:subfield code="b">HMNTS</marc:subfield><marc:subfield code="j">C.126.h.3.(1.)</marc:subfield></marc:datafield><marc:datafield tag="886" ind1="2" ind2=" "><marc:subfield code="2">blmarc</marc:subfield><marc:subfield code="a">709</marc:subfield><marc:subfield code="b">00</marc:subfield><marc:subfield code="a">GALL</marc:subfield><marc:subfield code="h">Franz Joseph</marc:subfield><marc:subfield code="p">7320.bb.35.(5.)</marc:subfield><marc:subfield code="x">1190430169</marc:subfield></marc:datafield><marc:datafield tag="886" ind1="2" ind2=" "><marc:subfield code="2">blmarc</marc:subfield><marc:subfield code="a">709</marc:subfield><marc:subfield code="b">00</marc:subfield><marc:subfield code="a">SPURZHEIM</marc:subfield><marc:subfield code="h">Johann Caspar</marc:subfield><marc:subfield code="p">7320.bb.35.(5.)</marc:subfield><marc:subfield code="x">310332006X</marc:subfield></marc:datafield></marc:record>