
<marc:record><marc:leader>00886cam a22001813  4500</marc:leader>
<marc:controlfield tag="001">000007062</marc:controlfield>
<marc:controlfield tag="003">Uk</marc:controlfield><marc:controlfield tag="005">20110119132200.0</marc:controlfield><marc:controlfield tag="008">020122|1827|||||||    ||     ||| |||||  </marc:controlfield><marc:datafield tag="040" ind1=" " ind2=" "><marc:subfield code="a">Uk</marc:subfield><marc:subfield code="c">Uk</marc:subfield></marc:datafield><marc:datafield tag="100" ind1="1" ind2=" "><marc:subfield code="a">ABERNETHY, John,</marc:subfield><marc:subfield code="c">M.R.C.S.</marc:subfield></marc:datafield><marc:datafield tag="245" ind1="1" ind2="0"><marc:subfield code="a">[Surgical observations on tumours ... Third edition.]</marc:subfield></marc:datafield><marc:datafield tag="250" ind1=" " ind2=" "><marc:subfield code="a">Fourth edition.</marc:subfield></marc:datafield><marc:datafield tag="260" ind1=" " ind2=" "><marc:subfield code="a">London: printed for Longman, Rees, Orme, Brown, and Green, 1827.</marc:subfield></marc:datafield><marc:datafield tag="300" ind1=" " ind2=" "><marc:subfield code="a">[4], 221, [1]p. (8º); 22 cm.</marc:subfield></marc:datafield><marc:datafield tag="500" ind1=" " ind2=" "><marc:subfield code="a">At foot, in the direction line: “Vol. IV”. With a Longman, Orme, Brown, Green, and Longmans catalogue, dated “April 1840”, bound in before the half-title. MS. ownership inscription: John Leigh F.R.C.S., 1841.</marc:subfield></marc:datafield><marc:datafield tag="787" ind1="0" ind2=" "><marc:subfield code="t">Surgical observations on tumours ... Third edition.</marc:subfield><marc:subfield code="d">London: Longman, Hurst, Rees, Orme, &amp; Brown, 1822. pp. 221. 8º.</marc:subfield><marc:subfield code="w">(Uk)MP1.0000007615</marc:subfield></marc:datafield><marc:datafield tag="852" ind1="4" ind2="1"><marc:subfield code="a">British Library</marc:subfield><marc:subfield code="b">HMNTS</marc:subfield><marc:subfield code="j">RB.23.a.22778.(2.)</marc:subfield></marc:datafield></marc:record>