
<marc:record><marc:leader>00558cam a22001453  4500</marc:leader>
<marc:controlfield tag="001">000007067</marc:controlfield>
<marc:controlfield tag="003">Uk</marc:controlfield><marc:controlfield tag="005">20120418181100.0</marc:controlfield><marc:controlfield tag="008">870813|1811|||||||    ||     ||| |||||  </marc:controlfield><marc:datafield tag="040" ind1=" " ind2=" "><marc:subfield code="a">Uk</marc:subfield><marc:subfield code="c">Uk</marc:subfield></marc:datafield><marc:datafield tag="100" ind1="1" ind2=" "><marc:subfield code="a">ABERNETHY, John,</marc:subfield><marc:subfield code="c">M.R.C.S.</marc:subfield></marc:datafield><marc:datafield tag="245" ind1="1" ind2="0"><marc:subfield code="a">Surgical Observations on Injuries of the Head; and on miscellaneous subjects. [With a titlepage bearing the imprint: Longman, Hurst, Rees, Orme &amp; Brown: London, 1810.]</marc:subfield></marc:datafield><marc:datafield tag="300" ind1=" " ind2=" "><marc:subfield code="a">260 p.</marc:subfield></marc:datafield><marc:datafield tag="580" ind1=" " ind2=" "><marc:subfield code="a">In : infra: The Surgical Works of John Abernethy. vol. 2. 1811. 8º.</marc:subfield></marc:datafield><marc:datafield tag="852" ind1="4" ind2="1"><marc:subfield code="a">British Library</marc:subfield><marc:subfield code="b">HMNTS</marc:subfield><marc:subfield code="j">7484.m.51.(2.)</marc:subfield></marc:datafield></marc:record>