
<marc:record><marc:leader>00804cam a22001693  4500</marc:leader>
<marc:controlfield tag="001">000007076</marc:controlfield>
<marc:controlfield tag="003">Uk</marc:controlfield><marc:controlfield tag="005">20110119132200.0</marc:controlfield><marc:controlfield tag="008">870813|1827|||||||    ||     ||| |||||  </marc:controlfield><marc:datafield tag="040" ind1=" " ind2=" "><marc:subfield code="a">Uk</marc:subfield><marc:subfield code="c">Uk</marc:subfield></marc:datafield><marc:datafield tag="100" ind1="1" ind2=" "><marc:subfield code="a">ABERNETHY, John,</marc:subfield><marc:subfield code="c">M.R.C.S.</marc:subfield></marc:datafield><marc:datafield tag="245" ind1="1" ind2="0"><marc:subfield code="a">Surgical Observations on the Constitutional Origin and Treatment of Local Diseases; and on Aneurisms ... Ninth edition.</marc:subfield></marc:datafield><marc:datafield tag="260" ind1=" " ind2=" "><marc:subfield code="a">pp. xii. 346. Longman, Rees, Orme, Brown, &amp; Green: London, 1827.</marc:subfield></marc:datafield><marc:datafield tag="300" ind1=" " ind2=" "><marc:subfield code="a">8º.</marc:subfield></marc:datafield><marc:datafield tag="500" ind1=" " ind2=" "><marc:subfield code="a">Forming vol. 1 of the author's “Surgical Observations” in their final form.</marc:subfield></marc:datafield><marc:datafield tag="775" ind1="0" ind2=" "><marc:subfield code="t">[Surgical Observations on the Constitutional Origin and Treatment of Local Diseases; and on Aneurisms ... Ninth edition.]</marc:subfield><marc:subfield code="d">pp. xii. 346. Longman &amp; Co.. London, 1828. 8º.</marc:subfield><marc:subfield code="w">(Uk)MP1.0000007627.1</marc:subfield></marc:datafield><marc:datafield tag="852" ind1="4" ind2="1"><marc:subfield code="a">British Library</marc:subfield><marc:subfield code="b">HMNTS</marc:subfield><marc:subfield code="j">1509/996.</marc:subfield></marc:datafield></marc:record>