
<marc:record><marc:leader>00969cam a22001693  4500</marc:leader>
<marc:controlfield tag="001">000007083</marc:controlfield>
<marc:controlfield tag="003">Uk</marc:controlfield><marc:controlfield tag="005">20111222151700.0</marc:controlfield><marc:controlfield tag="008">870813|1830|||||||    ||     ||| |||||  </marc:controlfield><marc:datafield tag="040" ind1=" " ind2=" "><marc:subfield code="a">Uk</marc:subfield><marc:subfield code="c">Uk</marc:subfield></marc:datafield><marc:datafield tag="100" ind1="1" ind2=" "><marc:subfield code="a">ABERNETHY, John,</marc:subfield><marc:subfield code="c">M.R.C.S.</marc:subfield></marc:datafield><marc:datafield tag="245" ind1="1" ind2="5"><marc:subfield code="a">[The Abernethian Code of Health and Longevity, or, Every one's health in his own keeping, by the proper regulation of the stomach and bowels ... Founded on the principles and practice of John Abernethy, etc.]</marc:subfield></marc:datafield><marc:datafield tag="250" ind1=" " ind2=" "><marc:subfield code="a">[Another edition.] Common Sense; or the Abernethian code of health and longevity, etc.</marc:subfield></marc:datafield><marc:datafield tag="260" ind1=" " ind2=" "><marc:subfield code="a">London :</marc:subfield><marc:subfield code="b">Printed for the Booksellers,</marc:subfield><marc:subfield code="c">1830.</marc:subfield></marc:datafield><marc:datafield tag="300" ind1=" " ind2=" "><marc:subfield code="a">23 p. ;</marc:subfield><marc:subfield code="c">12º.</marc:subfield></marc:datafield><marc:datafield tag="787" ind1="0" ind2=" "><marc:subfield code="t">The Abernethian Code of Health and Longevity, or, Every one's health in his own keeping, by the proper regulation of the stomach and bowels ... Founded on the principles and practice of John Abernethy, etc.</marc:subfield><marc:subfield code="d">pp. 24. J. Williams: London, 1829. 12º.</marc:subfield><marc:subfield code="w">(Uk)MP1.0000007632</marc:subfield></marc:datafield><marc:datafield tag="852" ind1="4" ind2="1"><marc:subfield code="a">British Library</marc:subfield><marc:subfield code="b">HMNTS</marc:subfield><marc:subfield code="j">T.1366.(3.)</marc:subfield></marc:datafield></marc:record>