
<marc:record><marc:leader>00776cam a22001693  4500</marc:leader>
<marc:controlfield tag="001">000007084</marc:controlfield>
<marc:controlfield tag="003">Uk</marc:controlfield><marc:controlfield tag="005">20111222151700.0</marc:controlfield><marc:controlfield tag="008">870813|1836|||||||    ||     ||| |||||  </marc:controlfield><marc:datafield tag="040" ind1=" " ind2=" "><marc:subfield code="a">Uk</marc:subfield><marc:subfield code="c">Uk</marc:subfield></marc:datafield><marc:datafield tag="100" ind1="1" ind2=" "><marc:subfield code="a">ABERNETHY, John,</marc:subfield><marc:subfield code="c">M.R.C.S.</marc:subfield></marc:datafield><marc:datafield tag="245" ind1="1" ind2="0"><marc:subfield code="a">Every one his own Physician, or the Abernethian code of health and longevity, etc.</marc:subfield></marc:datafield><marc:datafield tag="260" ind1=" " ind2=" "><marc:subfield code="a">London :</marc:subfield><marc:subfield code="b">John Kettle,</marc:subfield><marc:subfield code="c">1836.</marc:subfield></marc:datafield><marc:datafield tag="300" ind1=" " ind2=" "><marc:subfield code="a">64 p. ;</marc:subfield><marc:subfield code="c">32º.</marc:subfield></marc:datafield><marc:datafield tag="775" ind1="0" ind2=" "><marc:subfield code="t">[Every one his own Physician, or the Abernethian code of health and longevity, etc.]</marc:subfield><marc:subfield code="d">pp. 64. S. Cornish; J. Chidley: London, 1837. 32º.</marc:subfield><marc:subfield code="w">(Uk)MP1.0000007633.1</marc:subfield></marc:datafield><marc:datafield tag="775" ind1="0" ind2=" "><marc:subfield code="t">[Every one his own Physician, or the Abernethian code of health and longevity, etc.]</marc:subfield><marc:subfield code="d">James Cornish: London, [1856.] 16º.</marc:subfield><marc:subfield code="w">(Uk)MP1.0000007633.2</marc:subfield></marc:datafield><marc:datafield tag="852" ind1="4" ind2="1"><marc:subfield code="a">British Library</marc:subfield><marc:subfield code="b">HMNTS</marc:subfield><marc:subfield code="j">T.2079.(5.)</marc:subfield></marc:datafield></marc:record>