
<marc:record><marc:leader>00562cam a22001573  4500</marc:leader>
<marc:controlfield tag="001">000007168</marc:controlfield>
<marc:controlfield tag="003">Uk</marc:controlfield><marc:controlfield tag="005">20110119132200.0</marc:controlfield><marc:controlfield tag="008">870813|1880|||||||    ||     ||| |||||  </marc:controlfield><marc:datafield tag="040" ind1=" " ind2=" "><marc:subfield code="a">Uk</marc:subfield><marc:subfield code="c">Uk</marc:subfield></marc:datafield><marc:datafield tag="100" ind1="1" ind2=" "><marc:subfield code="a">ABERT, Johann.</marc:subfield></marc:datafield><marc:datafield tag="245" ind1="1" ind2="0"><marc:subfield code="a">Schlaf und Traum bei Calderon.</marc:subfield></marc:datafield><marc:datafield tag="580" ind1=" " ind2=" "><marc:subfield code="a">In : Urlichs (C. L.) Strena philologa Ludovico Urlichsio ... oblata. 1880. 8º.</marc:subfield></marc:datafield><marc:datafield tag="700" ind1="1" ind2=" "><marc:subfield code="a">Calderón de la Barca, Pedro,</marc:subfield><marc:subfield code="d">1600-1681.</marc:subfield><marc:subfield code="t">Appendix.</marc:subfield></marc:datafield><marc:datafield tag="852" ind1="4" ind2="1"><marc:subfield code="a">British Library</marc:subfield><marc:subfield code="b">HMNTS</marc:subfield><marc:subfield code="j">11312.k.32.</marc:subfield></marc:datafield><marc:datafield tag="886" ind1="2" ind2=" "><marc:subfield code="2">blmarc</marc:subfield><marc:subfield code="a">709</marc:subfield><marc:subfield code="b">00</marc:subfield><marc:subfield code="a">CALDERÓN DE LA BARCA</marc:subfield><marc:subfield code="h">Pedro</marc:subfield><marc:subfield code="t">Appendix</marc:subfield><marc:subfield code="p">11312.k.32.</marc:subfield><marc:subfield code="x">0510390102</marc:subfield></marc:datafield></marc:record>