
<marc:record><marc:leader>00734cam a22001693  4500</marc:leader>
<marc:controlfield tag="001">000007171</marc:controlfield>
<marc:controlfield tag="003">Uk</marc:controlfield><marc:controlfield tag="005">20110822104342.0</marc:controlfield><marc:controlfield tag="008">870813|1831|||||||    ||     ||| |||||  </marc:controlfield><marc:datafield tag="040" ind1=" " ind2=" "><marc:subfield code="a">Uk</marc:subfield><marc:subfield code="c">Uk</marc:subfield></marc:datafield><marc:datafield tag="100" ind1="1" ind2=" "><marc:subfield code="a">Abert, John James,</marc:subfield><marc:subfield code="d">1788-1863.</marc:subfield></marc:datafield><marc:datafield tag="245" ind1="1" ind2="0"><marc:subfield code="a">Report of Col. John J. Abert and Col. James Kearney ... upon an Examination of the Chesapeake and Ohio Canal, from Washington City to the “Point of Rocks,” made ... at the request of the President and Directors of the Chesapeake and Ohio Canal Company.</marc:subfield></marc:datafield><marc:datafield tag="260" ind1=" " ind2=" "><marc:subfield code="a">Washington :</marc:subfield><marc:subfield code="b">Gales &amp; Seaton,</marc:subfield><marc:subfield code="c">1831.</marc:subfield></marc:datafield><marc:datafield tag="300" ind1=" " ind2=" "><marc:subfield code="a">24 p. ;</marc:subfield><marc:subfield code="c">8º.</marc:subfield></marc:datafield><marc:datafield tag="700" ind1="1" ind2=" "><marc:subfield code="a">Kearney, James,</marc:subfield><marc:subfield code="d">-1862.</marc:subfield></marc:datafield><marc:datafield tag="852" ind1="4" ind2="1"><marc:subfield code="a">British Library</marc:subfield><marc:subfield code="b">HMNTS</marc:subfield><marc:subfield code="j">8775.d.20.</marc:subfield></marc:datafield><marc:datafield tag="886" ind1="2" ind2=" "><marc:subfield code="2">blmarc</marc:subfield><marc:subfield code="a">709</marc:subfield><marc:subfield code="b">00</marc:subfield><marc:subfield code="a">KEARNEY</marc:subfield><marc:subfield code="h">James</marc:subfield><marc:subfield code="p">8775.d.20.</marc:subfield><marc:subfield code="x">1720030197</marc:subfield></marc:datafield></marc:record>