
<marc:record><marc:leader>00494cas a22001573  4500</marc:leader>
<marc:controlfield tag="001">000007258</marc:controlfield>
<marc:controlfield tag="003">Uk</marc:controlfield><marc:controlfield tag="005">20120530182300.0</marc:controlfield><marc:controlfield tag="008">920730u1878||||||||||p|||    |   ||eng  </marc:controlfield><marc:datafield tag="040" ind1=" " ind2=" "><marc:subfield code="a">Uk</marc:subfield><marc:subfield code="c">Uk</marc:subfield></marc:datafield><marc:datafield tag="110" ind1="2" ind2=" "><marc:subfield code="a">University College of Wales (Aberystwyth, Wales)</marc:subfield></marc:datafield><marc:datafield tag="245" ind1="1" ind2="4"><marc:subfield code="a">The Calendar of the University College of Wales ... 1877-8[-1913-14].</marc:subfield></marc:datafield><marc:datafield tag="260" ind1=" " ind2=" "><marc:subfield code="a">Manchester,</marc:subfield><marc:subfield code="c">1878-1913.</marc:subfield></marc:datafield><marc:datafield tag="300" ind1=" " ind2=" "><marc:subfield code="c">8º.</marc:subfield></marc:datafield><marc:datafield tag="500" ind1=" " ind2=" "><marc:subfield code="a">Wanting the issues for 1897/1898-1909/1910.</marc:subfield></marc:datafield><marc:datafield tag="852" ind1="4" ind2="1"><marc:subfield code="a">British Library</marc:subfield><marc:subfield code="b">HMNTS</marc:subfield><marc:subfield code="j">P.P.2506.dfd.</marc:subfield></marc:datafield></marc:record>