
<marc:record><marc:leader>00508cam a22001333  4500</marc:leader>
<marc:controlfield tag="001">000007397</marc:controlfield>
<marc:controlfield tag="003">Uk</marc:controlfield><marc:controlfield tag="005">20110119132300.0</marc:controlfield><marc:controlfield tag="008">870813|1810|||||||    ||    |||| |||||  </marc:controlfield><marc:datafield tag="040" ind1=" " ind2=" "><marc:subfield code="a">Uk</marc:subfield><marc:subfield code="c">Uk</marc:subfield></marc:datafield><marc:datafield tag="245" ind1="1" ind2="0"><marc:subfield code="a">King Agbarus's Letter to Our Saviour, and Our Saviour's Answer, etc.</marc:subfield></marc:datafield><marc:datafield tag="580" ind1=" " ind2=" "><marc:subfield code="a">In: [Epistola Jesu ad Agbarum.] A Copy of a Letter written by our Blessed Lord and Saviour Jesus Christ, etc. [c.1810.] s. sh. fol.</marc:subfield></marc:datafield><marc:datafield tag="720" ind1=" " ind2=" "><marc:subfield code="a">ABGARUS, King of Edessa</marc:subfield><marc:subfield code="e">main entry</marc:subfield></marc:datafield><marc:datafield tag="852" ind1="4" ind2="1"><marc:subfield code="a">British Library</marc:subfield><marc:subfield code="b">HMNTS</marc:subfield><marc:subfield code="j">1856.g.3.(78.)</marc:subfield></marc:datafield></marc:record>