
<marc:record><marc:leader>00912cam a22001933  4500</marc:leader>
<marc:controlfield tag="001">000007399</marc:controlfield>
<marc:controlfield tag="003">Uk</marc:controlfield><marc:controlfield tag="005">20120420175200.0</marc:controlfield><marc:controlfield tag="008">870813|1853|||||||    ||    |||| |||||  </marc:controlfield><marc:datafield tag="040" ind1=" " ind2=" "><marc:subfield code="a">Uk</marc:subfield><marc:subfield code="c">Uk</marc:subfield></marc:datafield><marc:datafield tag="245" ind1="1" ind2="0"><marc:subfield code="a">Tvende Old-Engelske Digte med Oversættelser og Tillæg ved G. Stephens. (1. Abgarus-Legenden paa Old-Engelsk, med engelsk Oversættelse. [With translations into Danish by C. J. Brandt and into Old Norse by Gísli Brynjulfsson.] II. Old-English versified homily for ... the Third Sunday in Lent.).</marc:subfield></marc:datafield><marc:datafield tag="260" ind1=" " ind2=" "><marc:subfield code="a">Kjøbenhavn,</marc:subfield><marc:subfield code="c">1853.</marc:subfield></marc:datafield><marc:datafield tag="300" ind1=" " ind2=" "><marc:subfield code="a">129 p. ;</marc:subfield><marc:subfield code="c">8º.</marc:subfield></marc:datafield><marc:datafield tag="700" ind1="1" ind2=" "><marc:subfield code="a">BRANDT, Carl Joakim.</marc:subfield></marc:datafield><marc:datafield tag="700" ind1="1" ind2=" "><marc:subfield code="a">Stephens, George,</marc:subfield><marc:subfield code="d">1813-1895.</marc:subfield></marc:datafield><marc:datafield tag="720" ind1=" " ind2=" "><marc:subfield code="a">ABGARUS, King of Edessa</marc:subfield><marc:subfield code="e">main entry</marc:subfield></marc:datafield><marc:datafield tag="852" ind1="4" ind2="1"><marc:subfield code="a">British Library</marc:subfield><marc:subfield code="b">HMNTS</marc:subfield><marc:subfield code="j">11595.f.7.</marc:subfield></marc:datafield><marc:datafield tag="886" ind1="2" ind2=" "><marc:subfield code="2">blmarc</marc:subfield><marc:subfield code="a">709</marc:subfield><marc:subfield code="b">00</marc:subfield><marc:subfield code="a">BRANDT</marc:subfield><marc:subfield code="h">Carl Joakim</marc:subfield><marc:subfield code="p">11595.f.7.</marc:subfield><marc:subfield code="x">0411050133</marc:subfield></marc:datafield><marc:datafield tag="886" ind1="2" ind2=" "><marc:subfield code="2">blmarc</marc:subfield><marc:subfield code="a">709</marc:subfield><marc:subfield code="b">00</marc:subfield><marc:subfield code="a">STEPHENS</marc:subfield><marc:subfield code="h">George</marc:subfield><marc:subfield code="f">Professor at Copenhagen</marc:subfield><marc:subfield code="p">11595.f.7.</marc:subfield><marc:subfield code="x">3130230327</marc:subfield></marc:datafield></marc:record>