
<marc:record><marc:leader>00591cam a22001577a 4500</marc:leader>
<marc:controlfield tag="001">000007431</marc:controlfield>
<marc:controlfield tag="003">Uk</marc:controlfield><marc:controlfield tag="005">20070927160403.0</marc:controlfield><marc:controlfield tag="008">990217m18771899gw            00| 0|ger  </marc:controlfield><marc:datafield tag="040" ind1=" " ind2=" "><marc:subfield code="a">Uk</marc:subfield><marc:subfield code="c">Uk</marc:subfield></marc:datafield><marc:datafield tag="245" ind1="0" ind2="0"><marc:subfield code="a">Abhandlungen zur Geschichte der Mathematik.</marc:subfield></marc:datafield><marc:datafield tag="260" ind1=" " ind2=" "><marc:subfield code="a">Leipzig :</marc:subfield><marc:subfield code="b">Teubner,</marc:subfield><marc:subfield code="c">1877-1899.</marc:subfield></marc:datafield><marc:datafield tag="300" ind1=" " ind2=" "><marc:subfield code="a">9 Hft.</marc:subfield></marc:datafield><marc:datafield tag="700" ind1="1" ind2=" "><marc:subfield code="a">Cantor, Moritz,</marc:subfield><marc:subfield code="d">1829-1920.</marc:subfield></marc:datafield><marc:datafield tag="787" ind1="0" ind2=" "><marc:subfield code="t">Abhandlungen zur Geschichte der mathematischen Wissenschaften mit Einschluss ihrer Anwendungen. Begründet von M. Cantor. Hft. 10-30.</marc:subfield><marc:subfield code="w">(Uk)MP1.0000008036.1</marc:subfield><marc:subfield code="d">Leipzig, 1900-13. 8º.</marc:subfield></marc:datafield><marc:datafield tag="852" ind1="4" ind2="1"><marc:subfield code="a">British Library</marc:subfield><marc:subfield code="b">HMNTS</marc:subfield><marc:subfield code="j">2242.f.18.</marc:subfield></marc:datafield></marc:record>