
<marc:record><marc:leader>00668cam a22001573  4500</marc:leader>
<marc:controlfield tag="001">000007471</marc:controlfield>
<marc:controlfield tag="003">Uk</marc:controlfield><marc:controlfield tag="005">20110119132300.0</marc:controlfield><marc:controlfield tag="008">870813|1860|||||||    ||    |||| |||||  </marc:controlfield><marc:datafield tag="040" ind1=" " ind2=" "><marc:subfield code="a">Uk</marc:subfield><marc:subfield code="c">Uk</marc:subfield></marc:datafield><marc:datafield tag="245" ind1="1" ind2="0"><marc:subfield code="a">Inno in lode del Pontificato Romano composto in caldaico ... dall' Illm̄o Monsig. Abdjesus IV., Patriarcha caldeo. Parafrasata da ... V. Anivitti. Syr. &amp; Ital.</marc:subfield></marc:datafield><marc:datafield tag="580" ind1=" " ind2=" "><marc:subfield code="a">In : Guriel (J.) Elementa linguae chaldaicae, etc. 1860. 8º.</marc:subfield></marc:datafield><marc:datafield tag="700" ind1="1" ind2=" "><marc:subfield code="a">Anivitti, V.</marc:subfield><marc:subfield code="q">(Vincenzo)</marc:subfield></marc:datafield><marc:datafield tag="720" ind1=" " ind2=" "><marc:subfield code="a">'ABHDĪSHŌ' IV., Patriarch of the Nestorian Church</marc:subfield><marc:subfield code="e">main entry</marc:subfield></marc:datafield><marc:datafield tag="852" ind1="4" ind2="1"><marc:subfield code="a">British Library</marc:subfield><marc:subfield code="b">OC</marc:subfield><marc:subfield code="j">753.g.36.</marc:subfield></marc:datafield><marc:datafield tag="886" ind1="2" ind2=" "><marc:subfield code="2">blmarc</marc:subfield><marc:subfield code="a">709</marc:subfield><marc:subfield code="b">00</marc:subfield><marc:subfield code="a">ANIVITTI</marc:subfield><marc:subfield code="h">Vincenzo</marc:subfield><marc:subfield code="p">753.g.36.</marc:subfield><marc:subfield code="x">008508025X</marc:subfield></marc:datafield></marc:record>