
<marc:record><marc:leader>00794cam a22001693  4500</marc:leader>
<marc:controlfield tag="001">000007473</marc:controlfield>
<marc:controlfield tag="003">Uk</marc:controlfield><marc:controlfield tag="005">20120224170000.0</marc:controlfield><marc:controlfield tag="008">870813|1838|||||||    ||    |||| |||||  </marc:controlfield><marc:datafield tag="040" ind1=" " ind2=" "><marc:subfield code="a">Uk</marc:subfield><marc:subfield code="c">Uk</marc:subfield></marc:datafield><marc:datafield tag="245" ind1="1" ind2="0"><marc:subfield code="a">Collectio Canonum Synodicorum, ex Chaldaicis Bibliothecæ Vaticanæ codicibus sumpta, et in Latinam linguam translata ab Aloysio Assemane. Præcedit Epitome Canonum Apostolicorum, auctore eodem Ebed Jesu.-Lat. &amp; Syr. .</marc:subfield></marc:datafield><marc:datafield tag="260" ind1=" " ind2=" "><marc:subfield code="c">1838.</marc:subfield></marc:datafield><marc:datafield tag="580" ind1=" " ind2=" "><marc:subfield code="a">In : Mai (A.) Cardinal. Scriptorum veterum nova collectio, etc. tom. 10. 1825, etc. 4º.</marc:subfield></marc:datafield><marc:datafield tag="700" ind1="1" ind2=" "><marc:subfield code="a">ASSEMANUS, Josephus Aloysius.</marc:subfield></marc:datafield><marc:datafield tag="720" ind1=" " ind2=" "><marc:subfield code="a">'ABHDĪSHŌ' BAR BĚRĪKHĀ, Metropolitan of Soba</marc:subfield><marc:subfield code="e">main entry</marc:subfield></marc:datafield><marc:datafield tag="852" ind1="4" ind2="1"><marc:subfield code="a">British Library</marc:subfield><marc:subfield code="b">HMNTS</marc:subfield><marc:subfield code="j">832.l.10.</marc:subfield></marc:datafield><marc:datafield tag="886" ind1="2" ind2=" "><marc:subfield code="2">blmarc</marc:subfield><marc:subfield code="a">709</marc:subfield><marc:subfield code="b">00</marc:subfield><marc:subfield code="a">ASSEMANUS</marc:subfield><marc:subfield code="h">Josephus Aloysius</marc:subfield><marc:subfield code="p">832.l.10.</marc:subfield><marc:subfield code="x">0125000316</marc:subfield></marc:datafield></marc:record>