
<marc:record><marc:leader>00948cam a22001813  4500</marc:leader>
<marc:controlfield tag="001">000007526</marc:controlfield>
<marc:controlfield tag="003">Uk</marc:controlfield><marc:controlfield tag="005">20110119132300.0</marc:controlfield><marc:controlfield tag="008">870813|1873|||||||    ||     ||| |||||  </marc:controlfield><marc:datafield tag="040" ind1=" " ind2=" "><marc:subfield code="a">Uk</marc:subfield><marc:subfield code="c">Uk</marc:subfield></marc:datafield><marc:datafield tag="100" ind1="1" ind2=" "><marc:subfield code="a">ABICH, Wilhelm Hermann.</marc:subfield></marc:datafield><marc:datafield tag="245" ind1="1" ind2="0"><marc:subfield code="a">Геологическія наблюденія въ нагорной странѣ между Курой и Араксомъ. Извлеченіе изъ сочиненія ... Г. В. Абиха: “Geologische Beobachtungen auf Reisen in den Gebirgsländern zwischen Kur und Araxes,” etc. [Abstract by L. L. Markov.] Russ.</marc:subfield></marc:datafield><marc:datafield tag="260" ind1=" " ind2=" "><marc:subfield code="a">pp. 69. Тифлисъ, 1873.</marc:subfield></marc:datafield><marc:datafield tag="300" ind1=" " ind2=" "><marc:subfield code="a">8º.</marc:subfield></marc:datafield><marc:datafield tag="490" ind1="0" ind2=" "><marc:subfield code="a">[Записки Кавказскаго Отдѣла Императорскаго Русскаго Географическаго Общества. кн. 8. no. 13.]</marc:subfield></marc:datafield><marc:datafield tag="700" ind1="1" ind2=" "><marc:subfield code="a">Markov, L. L.</marc:subfield></marc:datafield><marc:datafield tag="852" ind1="4" ind2="1"><marc:subfield code="a">British Library</marc:subfield><marc:subfield code="b">HMNTS</marc:subfield><marc:subfield code="j">Ac.6134.</marc:subfield></marc:datafield><marc:datafield tag="886" ind1="2" ind2=" "><marc:subfield code="2">blmarc</marc:subfield><marc:subfield code="a">709</marc:subfield><marc:subfield code="b">00</marc:subfield><marc:subfield code="a">MARKOV</marc:subfield><marc:subfield code="h">L. L.</marc:subfield><marc:subfield code="p">Ac.6134.</marc:subfield><marc:subfield code="x">2114350061</marc:subfield></marc:datafield></marc:record>