
<marc:record><marc:leader>01093cam a22001813  4500</marc:leader>
<marc:controlfield tag="001">000007531</marc:controlfield>
<marc:controlfield tag="003">Uk</marc:controlfield><marc:controlfield tag="005">20110119132300.0</marc:controlfield><marc:controlfield tag="008">870813|1876|||||||    ||     ||| |||||  </marc:controlfield><marc:datafield tag="040" ind1=" " ind2=" "><marc:subfield code="a">Uk</marc:subfield><marc:subfield code="c">Uk</marc:subfield></marc:datafield><marc:datafield tag="100" ind1="1" ind2=" "><marc:subfield code="a">ABICH, Wilhelm Hermann.</marc:subfield></marc:datafield><marc:datafield tag="245" ind1="1" ind2="0"><marc:subfield code="a">Объ ископаемыхъ веществахъ Апшеронскаго полуострова, содержащихъ парафинъ, etc. (О геологическомъ возрастѣ юрскаго, угленоснаго песчанника сѣвернаго Кавказа и о селитрѣ, встрѣчающейся въ этой породѣ въ долинѣ Кубани. (Перевелъ Ф. Г. фон Кошкуль.).</marc:subfield></marc:datafield><marc:datafield tag="260" ind1=" " ind2=" "><marc:subfield code="a">pp. 2. Тифлисъ, 1876.</marc:subfield></marc:datafield><marc:datafield tag="300" ind1=" " ind2=" "><marc:subfield code="a">8º.</marc:subfield></marc:datafield><marc:datafield tag="490" ind1="0" ind2=" "><marc:subfield code="a">[Записки Кавказскаго Отдѣла Императорскаго Русскаго Географическаго Общества. кн. 10. вып. 2.]</marc:subfield></marc:datafield><marc:datafield tag="700" ind1="1" ind2=" "><marc:subfield code="a">KOSCHKUL, Friedrich von.</marc:subfield></marc:datafield><marc:datafield tag="852" ind1="4" ind2="1"><marc:subfield code="a">British Library</marc:subfield><marc:subfield code="b">HMNTS</marc:subfield><marc:subfield code="j">Ac.6134.</marc:subfield></marc:datafield><marc:datafield tag="886" ind1="2" ind2=" "><marc:subfield code="2">blmarc</marc:subfield><marc:subfield code="a">709</marc:subfield><marc:subfield code="b">00</marc:subfield><marc:subfield code="a">KOSCHKUL</marc:subfield><marc:subfield code="h">Friedrich von</marc:subfield><marc:subfield code="p">Ac.6134.</marc:subfield><marc:subfield code="x">1782390057</marc:subfield></marc:datafield></marc:record>