
<marc:record><marc:leader>00681cam a22001573  4500</marc:leader>
<marc:controlfield tag="001">000007541</marc:controlfield>
<marc:controlfield tag="003">Uk</marc:controlfield><marc:controlfield tag="005">20110119132300.0</marc:controlfield><marc:controlfield tag="008">870813|1836|||||||    ||     ||| |||||  </marc:controlfield><marc:datafield tag="040" ind1=" " ind2=" "><marc:subfield code="a">Uk</marc:subfield><marc:subfield code="c">Uk</marc:subfield></marc:datafield><marc:datafield tag="100" ind1="1" ind2=" "><marc:subfield code="a">ABICH, Wilhelm Hermann.</marc:subfield></marc:datafield><marc:datafield tag="245" ind1="1" ind2="0"><marc:subfield code="a">Vues illustratives de quelques phénomènes géologiques prises sur le Vésuve et l'Etna, pendant les années 1833 et 1834.</marc:subfield></marc:datafield><marc:datafield tag="260" ind1=" " ind2=" "><marc:subfield code="a">pl. x. Paris,</marc:subfield><marc:subfield code="c">1836.</marc:subfield></marc:datafield><marc:datafield tag="300" ind1=" " ind2=" "><marc:subfield code="a">4 p. ;</marc:subfield><marc:subfield code="c">obl. fol.</marc:subfield></marc:datafield><marc:datafield tag="775" ind1="0" ind2=" "><marc:subfield code="t">[Vues illustratives de quelques phénomènes géologiques prises sur le Vésuve et l'Etna, pendant les années 1833 et 1834.]</marc:subfield><marc:subfield code="d">pp. 8. pl. x. Berlin, 1837. obl. fol.</marc:subfield><marc:subfield code="w">(Uk)MP1.0000008186.1</marc:subfield></marc:datafield><marc:datafield tag="852" ind1="4" ind2="1"><marc:subfield code="a">British Library</marc:subfield><marc:subfield code="b">HMNTS</marc:subfield><marc:subfield code="j">647.b.8.</marc:subfield></marc:datafield></marc:record>