
<marc:record><marc:leader>00725cam a22001693  4500</marc:leader>
<marc:controlfield tag="001">000007542</marc:controlfield>
<marc:controlfield tag="003">Uk</marc:controlfield><marc:controlfield tag="005">20110119132300.0</marc:controlfield><marc:controlfield tag="008">870813|1837|||||||    ||     ||| |||||  </marc:controlfield><marc:datafield tag="040" ind1=" " ind2=" "><marc:subfield code="a">Uk</marc:subfield><marc:subfield code="c">Uk</marc:subfield></marc:datafield><marc:datafield tag="100" ind1="1" ind2=" "><marc:subfield code="a">ABICH, Wilhelm Hermann.</marc:subfield></marc:datafield><marc:datafield tag="245" ind1="1" ind2="0"><marc:subfield code="a">[Vues illustratives de quelques phénomènes géologiques prises sur le Vésuve et l'Etna, pendant les années 1833 et 1834.]</marc:subfield></marc:datafield><marc:datafield tag="250" ind1=" " ind2=" "><marc:subfield code="a">[Another edition.] Fr. &amp; Ger.</marc:subfield></marc:datafield><marc:datafield tag="260" ind1=" " ind2=" "><marc:subfield code="a">pl. x. Berlin,</marc:subfield><marc:subfield code="c">1837.</marc:subfield></marc:datafield><marc:datafield tag="300" ind1=" " ind2=" "><marc:subfield code="a">8 p. ;</marc:subfield><marc:subfield code="c">obl. fol.</marc:subfield></marc:datafield><marc:datafield tag="787" ind1="0" ind2=" "><marc:subfield code="t">Vues illustratives de quelques phénomènes géologiques prises sur le Vésuve et l'Etna, pendant les années 1833 et 1834.</marc:subfield><marc:subfield code="d">pp. 4. pl. x. Paris, 1836. obl. fol.</marc:subfield><marc:subfield code="w">(Uk)MP1.0000008186</marc:subfield></marc:datafield><marc:datafield tag="852" ind1="4" ind2="1"><marc:subfield code="a">British Library</marc:subfield><marc:subfield code="b">HMNTS</marc:subfield><marc:subfield code="j">648.a.39</marc:subfield></marc:datafield></marc:record>