
<marc:record><marc:leader>00499cam a22001333  4500</marc:leader>
<marc:controlfield tag="001">000007603</marc:controlfield>
<marc:controlfield tag="003">Uk</marc:controlfield><marc:controlfield tag="005">20110119132300.0</marc:controlfield><marc:controlfield tag="008">870813|1801|||||||    ||     ||| |||||  </marc:controlfield><marc:datafield tag="040" ind1=" " ind2=" "><marc:subfield code="a">Uk</marc:subfield><marc:subfield code="c">Uk</marc:subfield></marc:datafield><marc:datafield tag="100" ind1="1" ind2=" "><marc:subfield code="a">ABILDGAARD, Peder Christian.</marc:subfield></marc:datafield><marc:datafield tag="245" ind1="1" ind2="0"><marc:subfield code="a">Ueber Norwegische Titan Erze ... aus dem dänischen übersetzt von M. H. Mendel.</marc:subfield></marc:datafield><marc:datafield tag="580" ind1=" " ind2=" "><marc:subfield code="a">In : Copenhagen.-Kiøbenhavnske Selskab af Lærdoms Elskerl, etc. Schriften der physischen Klasse, etc. Bd. 1. 1801. 8º.</marc:subfield></marc:datafield><marc:datafield tag="852" ind1="4" ind2="1"><marc:subfield code="a">British Library</marc:subfield><marc:subfield code="b">HMNTS</marc:subfield><marc:subfield code="j">940.f.7.</marc:subfield></marc:datafield></marc:record>