
<marc:record><marc:leader>00722cam a22001693  4500</marc:leader>
<marc:controlfield tag="001">000007732</marc:controlfield>
<marc:controlfield tag="003">Uk</marc:controlfield><marc:controlfield tag="005">20110119132300.0</marc:controlfield><marc:controlfield tag="008">870813|1868|||||||    ||     ||| |||||  </marc:controlfield><marc:datafield tag="040" ind1=" " ind2=" "><marc:subfield code="a">Uk</marc:subfield><marc:subfield code="c">Uk</marc:subfield></marc:datafield><marc:datafield tag="100" ind1="1" ind2=" "><marc:subfield code="a">ABLES, Wilhelm.</marc:subfield></marc:datafield><marc:datafield tag="245" ind1="1" ind2="0"><marc:subfield code="a">[Gedanken über Natur- und Wortpoesie der Russischen Sprache, mit Berücksichtigung der Romanischen und Germanischen Sprachen.]</marc:subfield></marc:datafield><marc:datafield tag="250" ind1=" " ind2=" "><marc:subfield code="a">Zweite Ausgabe.</marc:subfield></marc:datafield><marc:datafield tag="260" ind1=" " ind2=" "><marc:subfield code="a">pp. xxxvi. 191. St. Petersburg; Berlin [printed], 1868.</marc:subfield></marc:datafield><marc:datafield tag="300" ind1=" " ind2=" "><marc:subfield code="a">8º.</marc:subfield></marc:datafield><marc:datafield tag="787" ind1="0" ind2=" "><marc:subfield code="t">Gedanken über Natur- und Wortpoesie der Russischen Sprache, mit Berücksichtigung der Romanischen und Germanischen Sprachen.</marc:subfield><marc:subfield code="d">pp. xxxvi. 191. Berlin, 1861. 8º.</marc:subfield><marc:subfield code="w">(Uk)MP1.0000008453</marc:subfield></marc:datafield><marc:datafield tag="852" ind1="4" ind2="1"><marc:subfield code="a">British Library</marc:subfield><marc:subfield code="b">HMNTS</marc:subfield><marc:subfield code="j">12976.f.4.</marc:subfield></marc:datafield></marc:record>