
<marc:record><marc:leader>00611cam a22001573  4500</marc:leader>
<marc:controlfield tag="001">000007755</marc:controlfield>
<marc:controlfield tag="003">Uk</marc:controlfield><marc:controlfield tag="005">20120120152500.0</marc:controlfield><marc:controlfield tag="008">870813|1854|||||||    ||     ||| |||||  </marc:controlfield><marc:datafield tag="040" ind1=" " ind2=" "><marc:subfield code="a">Uk</marc:subfield><marc:subfield code="c">Uk</marc:subfield></marc:datafield><marc:datafield tag="100" ind1="1" ind2=" "><marc:subfield code="a">ABLETT, William H.,</marc:subfield><marc:subfield code="c">of Eastwick, Herts.</marc:subfield></marc:datafield><marc:datafield tag="245" ind1="1" ind2="2"><marc:subfield code="a">A Few Every Day Hints addressed to the Youths &amp; Young Men of the Drapery Trade.</marc:subfield></marc:datafield><marc:datafield tag="260" ind1=" " ind2=" "><marc:subfield code="a">London :</marc:subfield><marc:subfield code="b">Thomas Wood,</marc:subfield><marc:subfield code="c">[1854]</marc:subfield></marc:datafield><marc:datafield tag="300" ind1=" " ind2=" "><marc:subfield code="a">16 p. ;</marc:subfield><marc:subfield code="c">8º.</marc:subfield></marc:datafield><marc:datafield tag="775" ind1="0" ind2=" "><marc:subfield code="t">[A Few Every Day Hints addressed to the Youths &amp; Young Men of the Drapery Trade.]</marc:subfield><marc:subfield code="d">pp. 16. Thomas Wood: London, [1856.] 8º.</marc:subfield><marc:subfield code="w">(Uk)MP1.0000008478.1</marc:subfield></marc:datafield><marc:datafield tag="852" ind1="4" ind2="1"><marc:subfield code="a">British Library</marc:subfield><marc:subfield code="b">HMNTS</marc:subfield><marc:subfield code="j">8247.b.3.</marc:subfield></marc:datafield></marc:record>