
<marc:record><marc:leader>01381cam a22002293  4500</marc:leader>
<marc:controlfield tag="001">000007791</marc:controlfield>
<marc:controlfield tag="003">Uk</marc:controlfield><marc:controlfield tag="005">20120203162600.0</marc:controlfield><marc:controlfield tag="008">870813|1876|||||||    ||     ||| |||||  </marc:controlfield><marc:datafield tag="040" ind1=" " ind2=" "><marc:subfield code="a">Uk</marc:subfield><marc:subfield code="c">Uk</marc:subfield></marc:datafield><marc:datafield tag="100" ind1="1" ind2=" "><marc:subfield code="a">ABNEY, William de Wiveleslie,</marc:subfield><marc:subfield code="c">Sir,</marc:subfield><marc:subfield code="c">K.C.B.</marc:subfield></marc:datafield><marc:datafield tag="245" ind1="1" ind2="0"><marc:subfield code="a">Instruction in Photography, ... Third edition.</marc:subfield></marc:datafield><marc:datafield tag="260" ind1=" " ind2=" "><marc:subfield code="a">London :</marc:subfield><marc:subfield code="b">Piper &amp; Carter,</marc:subfield><marc:subfield code="c">1876.</marc:subfield></marc:datafield><marc:datafield tag="300" ind1=" " ind2=" "><marc:subfield code="a">viii, 196 p. ;</marc:subfield><marc:subfield code="c">8º.</marc:subfield></marc:datafield><marc:datafield tag="775" ind1="0" ind2=" "><marc:subfield code="t">[Instruction in Photography, ... Third edition.]</marc:subfield><marc:subfield code="d">pp. viii. 314. Piper &amp; Carter: London, 1882. 8º.</marc:subfield><marc:subfield code="w">(Uk)MP1.0000008514.1</marc:subfield></marc:datafield><marc:datafield tag="775" ind1="0" ind2=" "><marc:subfield code="t">[Instruction in Photography, ... Third edition.]</marc:subfield><marc:subfield code="d">pp. viii. 340. Piper &amp; Carter: London, 1884. 8º.</marc:subfield><marc:subfield code="w">(Uk)MP1.0000008514.2</marc:subfield></marc:datafield><marc:datafield tag="775" ind1="0" ind2=" "><marc:subfield code="t">[Instruction in Photography, ... Third edition.]</marc:subfield><marc:subfield code="d">pp. viii. 386. Piper &amp; Carter: London, 1886. 8º.</marc:subfield><marc:subfield code="w">(Uk)MP1.0000008514.3</marc:subfield></marc:datafield><marc:datafield tag="775" ind1="0" ind2=" "><marc:subfield code="t">[Instruction in Photography, ... Third edition.]</marc:subfield><marc:subfield code="d">pp. viii. 400. Piper &amp; Carter: London, 1888. 8º.</marc:subfield><marc:subfield code="w">(Uk)MP1.0000008514.4</marc:subfield></marc:datafield><marc:datafield tag="775" ind1="0" ind2=" "><marc:subfield code="t">[Instruction in Photography, ... Third edition.]</marc:subfield><marc:subfield code="d">pp. vi. 388. Piper &amp; Carter: London, 1892. 8º.</marc:subfield><marc:subfield code="w">(Uk)MP1.0000008514.5</marc:subfield></marc:datafield><marc:datafield tag="775" ind1="0" ind2=" "><marc:subfield code="t">[Instruction in Photography, ... Third edition.]</marc:subfield><marc:subfield code="d">pp. 502. Sampson Low &amp; Co.: London, 1900. 8º.</marc:subfield><marc:subfield code="w">(Uk)MP1.0000008514.6</marc:subfield></marc:datafield><marc:datafield tag="775" ind1="0" ind2=" "><marc:subfield code="t">[Instruction in Photography, ... Third edition.]</marc:subfield><marc:subfield code="d">pp. 676. Iliffe &amp; Sons: London, 1905. 8º.</marc:subfield><marc:subfield code="w">(Uk)MP1.0000008514.7</marc:subfield></marc:datafield><marc:datafield tag="852" ind1="4" ind2="1"><marc:subfield code="a">British Library</marc:subfield><marc:subfield code="b">HMNTS</marc:subfield><marc:subfield code="j">8908.e.7.</marc:subfield></marc:datafield></marc:record>