
<marc:record><marc:leader>00800cam a22001933  4500</marc:leader>
<marc:controlfield tag="001">000007809</marc:controlfield>
<marc:controlfield tag="003">Uk</marc:controlfield><marc:controlfield tag="005">20130430174800.0</marc:controlfield><marc:controlfield tag="008">870813|1878||||enk    ||     ||| |||||  </marc:controlfield><marc:datafield tag="040" ind1=" " ind2=" "><marc:subfield code="a">Uk</marc:subfield><marc:subfield code="c">Uk</marc:subfield></marc:datafield><marc:datafield tag="100" ind1="1" ind2=" "><marc:subfield code="a">ABNEY, William de Wiveleslie,</marc:subfield><marc:subfield code="c">Sir,</marc:subfield><marc:subfield code="c">K.C.B.</marc:subfield></marc:datafield><marc:datafield tag="245" ind1="1" ind2="2"><marc:subfield code="a">A Treatise on Photography.</marc:subfield></marc:datafield><marc:datafield tag="260" ind1=" " ind2=" "><marc:subfield code="a">London :</marc:subfield><marc:subfield code="b">Longmans &amp; Co.,</marc:subfield><marc:subfield code="c">1878.</marc:subfield></marc:datafield><marc:datafield tag="300" ind1=" " ind2=" "><marc:subfield code="a">xvi, 326 p. ;</marc:subfield><marc:subfield code="c">8º.</marc:subfield></marc:datafield><marc:datafield tag="490" ind1="0" ind2=" "><marc:subfield code="a">[Text-Books of Science.]</marc:subfield></marc:datafield><marc:datafield tag="775" ind1="0" ind2=" "><marc:subfield code="t">[A Treatise on Photography.]</marc:subfield><marc:subfield code="d">pp. xvi. 368. Longmans &amp; Co.: London, 1888. 8º.</marc:subfield><marc:subfield code="w">(Uk)MP1.0000008526.1</marc:subfield></marc:datafield><marc:datafield tag="775" ind1="0" ind2=" "><marc:subfield code="t">[A Treatise on Photography.]</marc:subfield><marc:subfield code="d">pp. xvi. 374. Longmans &amp; Co.: London, 1893. 8º.</marc:subfield><marc:subfield code="w">(Uk)MP1.0000008526.2</marc:subfield></marc:datafield><marc:datafield tag="775" ind1="0" ind2=" "><marc:subfield code="t">[A Treatise on Photography.]</marc:subfield><marc:subfield code="d">pp. xvii. 425. Longmans &amp; Co.: London, 1901. 8º.</marc:subfield><marc:subfield code="w">(Uk)MP1.0000008526.3</marc:subfield></marc:datafield><marc:datafield tag="852" ind1="4" ind2="1"><marc:subfield code="a">British Library</marc:subfield><marc:subfield code="b">HMNTS</marc:subfield><marc:subfield code="j">8707.bb.1.</marc:subfield></marc:datafield></marc:record>