
<marc:record><marc:leader>00818cas a22001813  4500</marc:leader>
<marc:controlfield tag="001">000007831</marc:controlfield>
<marc:controlfield tag="003">Uk</marc:controlfield><marc:controlfield tag="005">20130328172200.0</marc:controlfield><marc:controlfield tag="008">870813|1818|||||||    ||     ||| |||||  </marc:controlfield><marc:datafield tag="040" ind1=" " ind2=" "><marc:subfield code="a">Uk</marc:subfield><marc:subfield code="c">Uk</marc:subfield></marc:datafield><marc:datafield tag="110" ind1="2" ind2=" "><marc:subfield code="a">Åbo akademi (1640-1827)</marc:subfield></marc:datafield><marc:datafield tag="245" ind1="1" ind2="0"><marc:subfield code="a">Finlands stats-calender för äret 1819(-1821, 1826, 1828, 1830, 1833-1938, 1940 [etc.].).</marc:subfield></marc:datafield><marc:datafield tag="260" ind1=" " ind2=" "><marc:subfield code="a">Åbo,</marc:subfield><marc:subfield code="c">[1818]-</marc:subfield></marc:datafield><marc:datafield tag="300" ind1=" " ind2=" "><marc:subfield code="c">12º &amp; 8º.</marc:subfield></marc:datafield><marc:datafield tag="500" ind1=" " ind2=" "><marc:subfield code="a">From the issue for 1828 onwards published by Helsinki by Helsingfors Universitetet. The Finnish edition, of which the first volume received is that for 1900, is entered under Helsinki.-Helsingfors Universitetet. Finlands stats-calender.</marc:subfield></marc:datafield><marc:datafield tag="655" ind1=" " ind2="4"><marc:subfield code="a">Ephemerides. Named Ephemerides</marc:subfield></marc:datafield><marc:datafield tag="852" ind1="4" ind2="1"><marc:subfield code="a">British Library</marc:subfield><marc:subfield code="b">HMNTS</marc:subfield><marc:subfield code="j">Ac.1095/6.</marc:subfield></marc:datafield><marc:datafield tag="886" ind1="2" ind2=" "><marc:subfield code="2">blmarc</marc:subfield><marc:subfield code="a">709</marc:subfield><marc:subfield code="b">00</marc:subfield><marc:subfield code="a">EPHEMERIDES</marc:subfield><marc:subfield code="t">Named Ephemerides</marc:subfield><marc:subfield code="p">Ac.1095/6.</marc:subfield><marc:subfield code="x">1013380231</marc:subfield></marc:datafield></marc:record>