
<marc:record><marc:leader>00655cam a22001453  4500</marc:leader>
<marc:controlfield tag="001">000007833</marc:controlfield>
<marc:controlfield tag="003">Uk</marc:controlfield><marc:controlfield tag="005">20120424163700.0</marc:controlfield><marc:controlfield tag="008">870813|1815|||||||    ||     ||| |||||  </marc:controlfield><marc:datafield tag="040" ind1=" " ind2=" "><marc:subfield code="a">Uk</marc:subfield><marc:subfield code="c">Uk</marc:subfield></marc:datafield><marc:datafield tag="110" ind1="2" ind2=" "><marc:subfield code="a">Åbo akademi (1640-1827)</marc:subfield></marc:datafield><marc:datafield tag="245" ind1="1" ind2="0"><marc:subfield code="a">Orationes panegyricæ trilingues, quibus paci Parisiis die xviii.-xxx.-Maji a MDCCCXIV. compositæ simulque augusto ... Alexandro I. ... plausit Academia Aboënsis. (Fägnetal ... af J. F. Wallenius.-Oratio ... dicta a Frederico W. Pipping.-Рѣчь ... говоренная ... Г. Эрстремомъ.).</marc:subfield></marc:datafield><marc:datafield tag="260" ind1=" " ind2=" "><marc:subfield code="a">Aboæ,</marc:subfield><marc:subfield code="c">1815.</marc:subfield></marc:datafield><marc:datafield tag="300" ind1=" " ind2=" "><marc:subfield code="a">xxiii, 195 p. ;</marc:subfield><marc:subfield code="c">4º.</marc:subfield></marc:datafield><marc:datafield tag="852" ind1="4" ind2="1"><marc:subfield code="a">British Library</marc:subfield><marc:subfield code="b">HMNTS</marc:subfield><marc:subfield code="j">012301.f.5.</marc:subfield></marc:datafield></marc:record>