
<marc:record><marc:leader>00718cam a22001813  4500</marc:leader>
<marc:controlfield tag="001">000007834</marc:controlfield>
<marc:controlfield tag="003">Uk</marc:controlfield><marc:controlfield tag="005">20130108180500.0</marc:controlfield><marc:controlfield tag="008">980821|1884|||||||    ||     ||| |||||  </marc:controlfield><marc:datafield tag="040" ind1=" " ind2=" "><marc:subfield code="a">Uk</marc:subfield><marc:subfield code="c">Uk</marc:subfield></marc:datafield><marc:datafield tag="110" ind1="2" ind2=" "><marc:subfield code="a">Åbo akademi (1640-1827).</marc:subfield><marc:subfield code="b">Consistorium Academicum.</marc:subfield></marc:datafield><marc:datafield tag="245" ind1="1" ind2="0"><marc:subfield code="a">Consistorii Academici aboensis äldre protokoller, etc.</marc:subfield></marc:datafield><marc:datafield tag="260" ind1=" " ind2=" "><marc:subfield code="a">Helsingfors,</marc:subfield><marc:subfield code="c">1884 [1883]-98.</marc:subfield></marc:datafield><marc:datafield tag="300" ind1=" " ind2=" "><marc:subfield code="a">3 dl. ;</marc:subfield><marc:subfield code="c">23 cm.</marc:subfield></marc:datafield><marc:datafield tag="490" ind1="0" ind2=" "><marc:subfield code="a">(Todistuskappaleita Suomen Historiaan. vol. 2.)</marc:subfield></marc:datafield><marc:datafield tag="500" ind1=" " ind2=" "><marc:subfield code="a">Dl. 1 issued in 2 hft.</marc:subfield></marc:datafield><marc:datafield tag="787" ind1="0" ind2=" "><marc:subfield code="t">Consistorii Academici aboensis protokoll. (Turun Akatemian Konsistorin pöytäkirjat.) dl. 4, etc.</marc:subfield><marc:subfield code="d">Helsingfors, 1912- . 24 cm.</marc:subfield><marc:subfield code="w">(Uk)MP1.0000008554.1</marc:subfield></marc:datafield><marc:datafield tag="852" ind1="4" ind2="1"><marc:subfield code="a">British Library</marc:subfield><marc:subfield code="b">HMNTS</marc:subfield><marc:subfield code="j">Ac.7814/2.[vol.2.]</marc:subfield></marc:datafield></marc:record>