
<marc:record><marc:leader>00678cam a22001813  4500</marc:leader>
<marc:controlfield tag="001">000007878</marc:controlfield>
<marc:controlfield tag="003">Uk</marc:controlfield><marc:controlfield tag="005">20110119132300.0</marc:controlfield><marc:controlfield tag="008">990301|1899|||||||    ||     ||| |||||  </marc:controlfield><marc:datafield tag="040" ind1=" " ind2=" "><marc:subfield code="a">Uk</marc:subfield><marc:subfield code="c">Uk</marc:subfield></marc:datafield><marc:datafield tag="110" ind1="2" ind2=" "><marc:subfield code="a">Consistorium Ecclesiasticum (ÅBO)</marc:subfield></marc:datafield><marc:datafield tag="245" ind1="1" ind2="0"><marc:subfield code="a">Consistorii ecclesiastici Aboënsis protokoller. 18/7 1656-8/11 1658. (8/11 1658-16/9 1661.) [Edited by A. A. Neovius.]</marc:subfield></marc:datafield><marc:datafield tag="260" ind1=" " ind2=" "><marc:subfield code="a">2 pt. pp. 550. Borgå, 1899, 1902.</marc:subfield></marc:datafield><marc:datafield tag="300" ind1=" " ind2=" "><marc:subfield code="a">8º.</marc:subfield></marc:datafield><marc:datafield tag="490" ind1="0" ind2=" "><marc:subfield code="a">[Finska Kyrkohistoriska Samfunders handlingar. no. 2, 3.]</marc:subfield></marc:datafield><marc:datafield tag="700" ind1="1" ind2=" "><marc:subfield code="a">NEOVIUS, Adolf Alarik.</marc:subfield></marc:datafield><marc:datafield tag="852" ind1="4" ind2="1"><marc:subfield code="a">British Library</marc:subfield><marc:subfield code="b">HMNTS</marc:subfield><marc:subfield code="j">Ac.2049.[no.2,3.]</marc:subfield></marc:datafield><marc:datafield tag="886" ind1="2" ind2=" "><marc:subfield code="2">blmarc</marc:subfield><marc:subfield code="a">709</marc:subfield><marc:subfield code="b">00</marc:subfield><marc:subfield code="a">NEOVIUS</marc:subfield><marc:subfield code="h">Adolf Alarik</marc:subfield><marc:subfield code="p">Ac.2049.</marc:subfield><marc:subfield code="x">2333890312</marc:subfield></marc:datafield></marc:record>