
<marc:record><marc:leader>00785cam a22001813  4500</marc:leader>
<marc:controlfield tag="001">000007978</marc:controlfield>
<marc:controlfield tag="003">Uk</marc:controlfield><marc:controlfield tag="005">20110119132300.0</marc:controlfield><marc:controlfield tag="008">870813|1861|||||||    ||    |||| ||eng  </marc:controlfield><marc:datafield tag="040" ind1=" " ind2=" "><marc:subfield code="a">Uk</marc:subfield><marc:subfield code="c">Uk</marc:subfield></marc:datafield><marc:datafield tag="245" ind1="1" ind2="4"><marc:subfield code="a">The Abolition of Slavery the right of the government under the War Power. [By William Lloyd Garrison.]</marc:subfield></marc:datafield><marc:datafield tag="260" ind1=" " ind2=" "><marc:subfield code="a">Boston :</marc:subfield><marc:subfield code="b">R. F. Wallcut,</marc:subfield><marc:subfield code="c">1861.</marc:subfield></marc:datafield><marc:datafield tag="300" ind1=" " ind2=" "><marc:subfield code="a">24 p. ;</marc:subfield><marc:subfield code="c">12º.</marc:subfield></marc:datafield><marc:datafield tag="700" ind1="1" ind2=" "><marc:subfield code="a">GARRISON, William Lloyd.</marc:subfield></marc:datafield><marc:datafield tag="720" ind1=" " ind2=" "><marc:subfield code="a">ABOLITION</marc:subfield><marc:subfield code="e">main entry</marc:subfield></marc:datafield><marc:datafield tag="775" ind1="0" ind2=" "><marc:subfield code="t">[The Abolition of Slavery the right of the government under the War Power. [By William Lloyd Garrison.]]</marc:subfield><marc:subfield code="d">pp. 24. R. A. Wallcut: Boston, 1862. 12º.</marc:subfield><marc:subfield code="w">(Uk)MP1.0000008737.1</marc:subfield></marc:datafield><marc:datafield tag="852" ind1="4" ind2="1"><marc:subfield code="a">British Library</marc:subfield><marc:subfield code="b">HMNTS</marc:subfield><marc:subfield code="j">8156.a.2.</marc:subfield></marc:datafield><marc:datafield tag="886" ind1="2" ind2=" "><marc:subfield code="2">blmarc</marc:subfield><marc:subfield code="a">709</marc:subfield><marc:subfield code="b">00</marc:subfield><marc:subfield code="a">GARRISON</marc:subfield><marc:subfield code="h">William Lloyd</marc:subfield><marc:subfield code="p">8156.a.2.</marc:subfield><marc:subfield code="x">1202530087</marc:subfield><marc:subfield code="p">8156.a.3.</marc:subfield><marc:subfield code="x">1202530095</marc:subfield></marc:datafield></marc:record>