
<marc:record><marc:leader>00402cam a22001453  4500</marc:leader>
<marc:controlfield tag="001">000008020</marc:controlfield>
<marc:controlfield tag="003">Uk</marc:controlfield><marc:controlfield tag="005">20130130181900.0</marc:controlfield><marc:controlfield tag="008">870813|1886|||||||    ||     ||| |||||  </marc:controlfield><marc:datafield tag="040" ind1=" " ind2=" "><marc:subfield code="a">Uk</marc:subfield><marc:subfield code="c">Uk</marc:subfield></marc:datafield><marc:datafield tag="100" ind1="1" ind2=" "><marc:subfield code="a">ABONYI, Lajos,</marc:subfield><marc:subfield code="c">pseud. [i.e. Ferencz Márton.]</marc:subfield></marc:datafield><marc:datafield tag="245" ind1="1" ind2="0"><marc:subfield code="a">Magduska öröksége. Regény.</marc:subfield></marc:datafield><marc:datafield tag="260" ind1=" " ind2=" "><marc:subfield code="a">Budapest,</marc:subfield><marc:subfield code="c">1886.</marc:subfield></marc:datafield><marc:datafield tag="300" ind1=" " ind2=" "><marc:subfield code="a">2 köt. ;</marc:subfield><marc:subfield code="c">8º.</marc:subfield></marc:datafield><marc:datafield tag="852" ind1="4" ind2="1"><marc:subfield code="a">British Library</marc:subfield><marc:subfield code="b">HMNTS</marc:subfield><marc:subfield code="j">012589.e.85.</marc:subfield></marc:datafield></marc:record>