
<marc:record><marc:leader>00731cam a22001813  4500</marc:leader>
<marc:controlfield tag="001">000008075</marc:controlfield>
<marc:controlfield tag="003">Uk</marc:controlfield><marc:controlfield tag="005">20130503191800.0</marc:controlfield><marc:controlfield tag="008">870813|1870||||enk    ||     ||| ||eng  </marc:controlfield><marc:datafield tag="040" ind1=" " ind2=" "><marc:subfield code="a">Uk</marc:subfield><marc:subfield code="c">Uk</marc:subfield></marc:datafield><marc:datafield tag="100" ind1="1" ind2=" "><marc:subfield code="a">ABOUT, Edmond François Valentin.</marc:subfield></marc:datafield><marc:datafield tag="245" ind1="1" ind2="4"><marc:subfield code="a">The Fellah ... Translated by Sir Randal Roberts.</marc:subfield></marc:datafield><marc:datafield tag="260" ind1=" " ind2=" "><marc:subfield code="a">London :</marc:subfield><marc:subfield code="b">Chapman &amp; Hall,</marc:subfield><marc:subfield code="c">1870.</marc:subfield></marc:datafield><marc:datafield tag="300" ind1=" " ind2=" "><marc:subfield code="a">340 p. ;</marc:subfield><marc:subfield code="c">8º.</marc:subfield></marc:datafield><marc:datafield tag="700" ind1="1" ind2=" "><marc:subfield code="a">ROBERTS, Randal Howland,</marc:subfield><marc:subfield code="c">Sir,</marc:subfield><marc:subfield code="c">Bart.</marc:subfield></marc:datafield><marc:datafield tag="775" ind1="0" ind2=" "><marc:subfield code="t">[The Fellah ... Translated by Sir Randal Roberts.]</marc:subfield><marc:subfield code="d">pp. vi. 320. Chatto &amp; Windus: London, [1882.] 8º.</marc:subfield><marc:subfield code="w">(Uk)MP1.0000008902.1</marc:subfield></marc:datafield><marc:datafield tag="852" ind1="4" ind2="1"><marc:subfield code="a">British Library</marc:subfield><marc:subfield code="b">HMNTS</marc:subfield><marc:subfield code="j">12516.f.23.</marc:subfield></marc:datafield><marc:datafield tag="886" ind1="2" ind2=" "><marc:subfield code="2">blmarc</marc:subfield><marc:subfield code="a">709</marc:subfield><marc:subfield code="b">00</marc:subfield><marc:subfield code="a">ROBERTS</marc:subfield><marc:subfield code="e">Sir</marc:subfield><marc:subfield code="h">Randal Howland</marc:subfield><marc:subfield code="f">Bart.</marc:subfield><marc:subfield code="p">012551.a.34.</marc:subfield><marc:subfield code="x">277382024X</marc:subfield><marc:subfield code="p">12516.f.23.</marc:subfield><marc:subfield code="x">277382024X</marc:subfield></marc:datafield></marc:record>