
<marc:record><marc:leader>00966cam a22002173  4500</marc:leader>
<marc:controlfield tag="001">000008076</marc:controlfield>
<marc:controlfield tag="003">Uk</marc:controlfield><marc:controlfield tag="005">20130315150136.0</marc:controlfield><marc:controlfield tag="008">870813s1882    enk           000 f eng  </marc:controlfield><marc:datafield tag="040" ind1=" " ind2=" "><marc:subfield code="a">Uk</marc:subfield><marc:subfield code="c">Uk</marc:subfield></marc:datafield><marc:datafield tag="100" ind1="1" ind2=" "><marc:subfield code="a">ABOUT, Edmond François Valentin.</marc:subfield></marc:datafield><marc:datafield tag="245" ind1="1" ind2="5"><marc:subfield code="a">[The Fellah ... Translated by Sir Randal Roberts.]</marc:subfield></marc:datafield><marc:datafield tag="250" ind1=" " ind2=" "><marc:subfield code="a">A new edition.</marc:subfield></marc:datafield><marc:datafield tag="260" ind1=" " ind2=" "><marc:subfield code="a">London :</marc:subfield><marc:subfield code="b">Chatto &amp; Windus,</marc:subfield><marc:subfield code="c">[1882]</marc:subfield></marc:datafield><marc:datafield tag="300" ind1=" " ind2=" "><marc:subfield code="a">vi, 320 p. ;</marc:subfield><marc:subfield code="c">8º.</marc:subfield></marc:datafield><marc:datafield tag="500" ind1=" " ind2=" "><marc:subfield code="a">With Chatto &amp; Windus's list of books 32 p. at end of text; dated at head: July, 1882.</marc:subfield></marc:datafield><marc:datafield tag="700" ind1="1" ind2=" "><marc:subfield code="a">ROBERTS, Randal Howland,</marc:subfield><marc:subfield code="c">Sir,</marc:subfield><marc:subfield code="c">Bart.</marc:subfield></marc:datafield><marc:datafield tag="787" ind1="0" ind2=" "><marc:subfield code="t">The Fellah ... Translated by Sir Randal Roberts.</marc:subfield><marc:subfield code="w">(Uk)MP1.0000008902</marc:subfield><marc:subfield code="d">pp. 340. Chapman &amp; Hall: London, 1870. 8º.</marc:subfield></marc:datafield><marc:datafield tag="852" ind1="4" ind2="1"><marc:subfield code="a">British Library</marc:subfield><marc:subfield code="b">HMNTS</marc:subfield><marc:subfield code="j">012551.a.34.</marc:subfield></marc:datafield><marc:datafield tag="852" ind1="4" ind2="1"><marc:subfield code="a">British Library</marc:subfield><marc:subfield code="b">HMNTS</marc:subfield><marc:subfield code="q">Copy at XXXX. Imperfect: Wanting the half-title and titlepages.</marc:subfield></marc:datafield><marc:datafield tag="886" ind1="2" ind2=" "><marc:subfield code="2">blmarc</marc:subfield><marc:subfield code="a">709</marc:subfield><marc:subfield code="b">00</marc:subfield><marc:subfield code="a">ROBERTS</marc:subfield><marc:subfield code="e">Sir</marc:subfield><marc:subfield code="h">Randal Howland</marc:subfield><marc:subfield code="f">Bart.</marc:subfield><marc:subfield code="p">012551.a.34.</marc:subfield><marc:subfield code="x">277382024X</marc:subfield><marc:subfield code="p">12516.f.23.</marc:subfield><marc:subfield code="x">277382024X</marc:subfield></marc:datafield></marc:record>