
<marc:record><marc:leader>00941cam a22002053  4500</marc:leader>
<marc:controlfield tag="001">000008087</marc:controlfield>
<marc:controlfield tag="003">Uk</marc:controlfield><marc:controlfield tag="005">20110311165800.0</marc:controlfield><marc:controlfield tag="008">870813|1862|||||||    ||     ||| |||||  </marc:controlfield><marc:datafield tag="040" ind1=" " ind2=" "><marc:subfield code="a">Uk</marc:subfield><marc:subfield code="c">Uk</marc:subfield></marc:datafield><marc:datafield tag="100" ind1="1" ind2=" "><marc:subfield code="a">ABOUT, Edmond François Valentin.</marc:subfield></marc:datafield><marc:datafield tag="245" ind1="1" ind2="0"><marc:subfield code="a">L'Homme à l'oreille cassée.</marc:subfield></marc:datafield><marc:datafield tag="260" ind1=" " ind2=" "><marc:subfield code="a">Paris,</marc:subfield><marc:subfield code="c">1862.</marc:subfield></marc:datafield><marc:datafield tag="300" ind1=" " ind2=" "><marc:subfield code="a">277 p. ;</marc:subfield><marc:subfield code="c">8º.</marc:subfield></marc:datafield><marc:datafield tag="775" ind1="0" ind2=" "><marc:subfield code="t">[L'Homme à l'oreille cassée.]</marc:subfield><marc:subfield code="d">pp. 277. Paris, 1862. 8º.</marc:subfield><marc:subfield code="w">(Uk)MP1.0000008911.1</marc:subfield></marc:datafield><marc:datafield tag="775" ind1="0" ind2=" "><marc:subfield code="t">[L'Homme à l'oreille cassée.]</marc:subfield><marc:subfield code="d">pp. 309. Paris, 1884. 8º.</marc:subfield><marc:subfield code="w">(Uk)MP1.0000008911.2</marc:subfield></marc:datafield><marc:datafield tag="775" ind1="0" ind2=" "><marc:subfield code="t">[L'Homme à l'oreille cassée.]</marc:subfield><marc:subfield code="d">pp. xii. 322. Hachette &amp; Cie.: London, 1898. 8º.</marc:subfield><marc:subfield code="w">(Uk)MP1.0000008911.3</marc:subfield></marc:datafield><marc:datafield tag="775" ind1="0" ind2=" "><marc:subfield code="t">[L'Homme à l'oreille cassée.]</marc:subfield><marc:subfield code="d">pp. viii. 168. Rivingtons: London, 1913. 8º.</marc:subfield><marc:subfield code="w">(Uk)MP1.0000008911.4</marc:subfield></marc:datafield><marc:datafield tag="775" ind1="0" ind2=" "><marc:subfield code="t">[L'Homme à l'oreille cassée.]</marc:subfield><marc:subfield code="d">3 pt. Macmillan &amp; Co.: London, 1911. 8º.</marc:subfield><marc:subfield code="w">(Uk)MP1.0000008911.5</marc:subfield></marc:datafield><marc:datafield tag="852" ind1="4" ind2="1"><marc:subfield code="a">British Library</marc:subfield><marc:subfield code="b">HMNTS</marc:subfield><marc:subfield code="j">12206.ee.1.(2.)</marc:subfield></marc:datafield></marc:record>