
<marc:record><marc:leader>00936cam a22001693  4500</marc:leader>
<marc:controlfield tag="001">000008103</marc:controlfield>
<marc:controlfield tag="003">Uk</marc:controlfield><marc:controlfield tag="005">20120120152500.0</marc:controlfield><marc:controlfield tag="008">870813|1856|||||||    ||     ||| |||||  </marc:controlfield><marc:datafield tag="040" ind1=" " ind2=" "><marc:subfield code="a">Uk</marc:subfield><marc:subfield code="c">Uk</marc:subfield></marc:datafield><marc:datafield tag="100" ind1="1" ind2=" "><marc:subfield code="a">ABOUT, Edmond François Valentin.</marc:subfield></marc:datafield><marc:datafield tag="245" ind1="1" ind2="0"><marc:subfield code="a">Les Mariages de Paris. (Les Jumeaux de l'Hôtel Corneille. L'Oncle et le neveu. Terrains à vendre. La Buste Gorgeon. La mère de la Marquise.).</marc:subfield></marc:datafield><marc:datafield tag="260" ind1=" " ind2=" "><marc:subfield code="a">Paris,</marc:subfield><marc:subfield code="c">1856.</marc:subfield></marc:datafield><marc:datafield tag="300" ind1=" " ind2=" "><marc:subfield code="a">ii, 411 p. ;</marc:subfield><marc:subfield code="c">12º.</marc:subfield></marc:datafield><marc:datafield tag="775" ind1="0" ind2=" "><marc:subfield code="t">[Les Mariages de Paris. (Les Jumeaux de l'Hôtel Corneille. L'Oncle et le neveu. Terrains à vendre. La Buste Gorgeon. La mère de la Marquise.)]</marc:subfield><marc:subfield code="d">pp. 359. Paris, 1887. 8º.</marc:subfield><marc:subfield code="w">(Uk)MP1.0000008922.1</marc:subfield></marc:datafield><marc:datafield tag="775" ind1="0" ind2=" "><marc:subfield code="t">[Les Mariages de Paris. (Les Jumeaux de l'Hôtel Corneille. L'Oncle et le neveu. Terrains à vendre. La Buste Gorgeon. La mère de la Marquise.)]</marc:subfield><marc:subfield code="d">pp. 351. Paris, [1911.] 8º.</marc:subfield><marc:subfield code="w">(Uk)MP1.0000008922.2</marc:subfield></marc:datafield><marc:datafield tag="852" ind1="4" ind2="1"><marc:subfield code="a">British Library</marc:subfield><marc:subfield code="b">HMNTS</marc:subfield><marc:subfield code="j">12206.f.1.(1.)</marc:subfield></marc:datafield></marc:record>