
<marc:record><marc:leader>00867cam a22001813  4500</marc:leader>
<marc:controlfield tag="001">000008104</marc:controlfield>
<marc:controlfield tag="003">Uk</marc:controlfield><marc:controlfield tag="005">20110311165800.0</marc:controlfield><marc:controlfield tag="008">870813|1887|||||||    ||     ||| |||||  </marc:controlfield><marc:datafield tag="040" ind1=" " ind2=" "><marc:subfield code="a">Uk</marc:subfield><marc:subfield code="c">Uk</marc:subfield></marc:datafield><marc:datafield tag="100" ind1="1" ind2=" "><marc:subfield code="a">ABOUT, Edmond François Valentin.</marc:subfield></marc:datafield><marc:datafield tag="245" ind1="1" ind2="0"><marc:subfield code="a">[Les Mariages de Paris. (Les Jumeaux de l'Hôtel Corneille. L'Oncle et le neveu. Terrains à vendre. La Buste Gorgeon. La mère de la Marquise.)]</marc:subfield></marc:datafield><marc:datafield tag="250" ind1=" " ind2=" "><marc:subfield code="a">[Another edition.] [With illustrations.]</marc:subfield></marc:datafield><marc:datafield tag="260" ind1=" " ind2=" "><marc:subfield code="a">Paris,</marc:subfield><marc:subfield code="c">1887.</marc:subfield></marc:datafield><marc:datafield tag="300" ind1=" " ind2=" "><marc:subfield code="a">359 p. ;</marc:subfield><marc:subfield code="c">8º.</marc:subfield></marc:datafield><marc:datafield tag="500" ind1=" " ind2=" "><marc:subfield code="a">No. 53 of an edition of 115 copies, with extra impressions of the illustrations.</marc:subfield></marc:datafield><marc:datafield tag="787" ind1="0" ind2=" "><marc:subfield code="t">Les Mariages de Paris. (Les Jumeaux de l'Hôtel Corneille. L'Oncle et le neveu. Terrains à vendre. La Buste Gorgeon. La mère de la Marquise.)</marc:subfield><marc:subfield code="d">pp. ii. 411. Paris, 1856. 12º.</marc:subfield><marc:subfield code="w">(Uk)MP1.0000008922</marc:subfield></marc:datafield><marc:datafield tag="852" ind1="4" ind2="1"><marc:subfield code="a">British Library</marc:subfield><marc:subfield code="b">HMNTS</marc:subfield><marc:subfield code="j">012548.b.1.</marc:subfield></marc:datafield></marc:record>