
<marc:record><marc:leader>01008cam a22002173  4500</marc:leader>
<marc:controlfield tag="001">000008114</marc:controlfield>
<marc:controlfield tag="003">Uk</marc:controlfield><marc:controlfield tag="005">20111222151700.0</marc:controlfield><marc:controlfield tag="008">870813|1893|||||||    ||     ||| |||||  </marc:controlfield><marc:datafield tag="040" ind1=" " ind2=" "><marc:subfield code="a">Uk</marc:subfield><marc:subfield code="c">Uk</marc:subfield></marc:datafield><marc:datafield tag="100" ind1="1" ind2=" "><marc:subfield code="a">ABOUT, Edmond François Valentin.</marc:subfield></marc:datafield><marc:datafield tag="245" ind1="1" ind2="0"><marc:subfield code="a">La Fille du Chanoine. [From “Les Mariages de Province.”] With English notes and explanations by ... P. H. E. Brette and G. Masson. Revised and enlarged, with a comprehensive French-English vocabulary, by H. Testard. .</marc:subfield></marc:datafield><marc:datafield tag="260" ind1=" " ind2=" "><marc:subfield code="a">London :</marc:subfield><marc:subfield code="b">Hachette &amp; Cie,</marc:subfield><marc:subfield code="c">1893.</marc:subfield></marc:datafield><marc:datafield tag="300" ind1=" " ind2=" "><marc:subfield code="a">80 p. ;</marc:subfield><marc:subfield code="c">8º.</marc:subfield></marc:datafield><marc:datafield tag="700" ind1="1" ind2=" "><marc:subfield code="a">BRETTE, Philippe Honoré Ernest.</marc:subfield></marc:datafield><marc:datafield tag="700" ind1="1" ind2=" "><marc:subfield code="a">MASSON, Gustave,</marc:subfield><marc:subfield code="c">Master at Harrow School.</marc:subfield></marc:datafield><marc:datafield tag="700" ind1="1" ind2=" "><marc:subfield code="a">TESTARD, Henri.</marc:subfield></marc:datafield><marc:datafield tag="852" ind1="4" ind2="1"><marc:subfield code="a">British Library</marc:subfield><marc:subfield code="b">HMNTS</marc:subfield><marc:subfield code="j">012548.eeee.46.</marc:subfield></marc:datafield><marc:datafield tag="886" ind1="2" ind2=" "><marc:subfield code="2">blmarc</marc:subfield><marc:subfield code="a">709</marc:subfield><marc:subfield code="b">00</marc:subfield><marc:subfield code="a">BRETTE</marc:subfield><marc:subfield code="h">Philippe Honoré Ernest</marc:subfield><marc:subfield code="p">012548.eeee.46.</marc:subfield><marc:subfield code="x">0421540133</marc:subfield></marc:datafield><marc:datafield tag="886" ind1="2" ind2=" "><marc:subfield code="2">blmarc</marc:subfield><marc:subfield code="a">709</marc:subfield><marc:subfield code="b">00</marc:subfield><marc:subfield code="a">MASSON</marc:subfield><marc:subfield code="h">Gustave</marc:subfield><marc:subfield code="f">Master at Harrow School</marc:subfield><marc:subfield code="p">012548.eeee.46.</marc:subfield><marc:subfield code="x">2143960042</marc:subfield></marc:datafield><marc:datafield tag="886" ind1="2" ind2=" "><marc:subfield code="2">blmarc</marc:subfield><marc:subfield code="a">709</marc:subfield><marc:subfield code="b">00</marc:subfield><marc:subfield code="a">TESTARD</marc:subfield><marc:subfield code="h">Henri</marc:subfield><marc:subfield code="p">012548.eeee.46.</marc:subfield><marc:subfield code="x">3231070112</marc:subfield></marc:datafield></marc:record>