
<marc:record><marc:leader>00759cam a22001933  4500</marc:leader>
<marc:controlfield tag="001">000008116</marc:controlfield>
<marc:controlfield tag="003">Uk</marc:controlfield><marc:controlfield tag="005">20110311165800.0</marc:controlfield><marc:controlfield tag="008">870813|1862|||||||    ||     ||| |||||  </marc:controlfield><marc:datafield tag="040" ind1=" " ind2=" "><marc:subfield code="a">Uk</marc:subfield><marc:subfield code="c">Uk</marc:subfield></marc:datafield><marc:datafield tag="100" ind1="1" ind2=" "><marc:subfield code="a">ABOUT, Edmond François Valentin.</marc:subfield></marc:datafield><marc:datafield tag="245" ind1="1" ind2="0"><marc:subfield code="a">Le Nez d'un Notaire.</marc:subfield></marc:datafield><marc:datafield tag="260" ind1=" " ind2=" "><marc:subfield code="a">Paris,</marc:subfield><marc:subfield code="c">1862.</marc:subfield></marc:datafield><marc:datafield tag="300" ind1=" " ind2=" "><marc:subfield code="a">209 p. ;</marc:subfield><marc:subfield code="c">12º.</marc:subfield></marc:datafield><marc:datafield tag="775" ind1="0" ind2=" "><marc:subfield code="t">[Le Nez d'un Notaire.]</marc:subfield><marc:subfield code="d">pp. 209. Paris, 1862. 12º.</marc:subfield><marc:subfield code="w">(Uk)MP1.0000008930.1</marc:subfield></marc:datafield><marc:datafield tag="775" ind1="0" ind2=" "><marc:subfield code="t">[Le Nez d'un Notaire.]</marc:subfield><marc:subfield code="d">pp. 252. Paris, [1913.] 8º.</marc:subfield><marc:subfield code="w">(Uk)MP1.0000008930.2</marc:subfield></marc:datafield><marc:datafield tag="775" ind1="0" ind2=" "><marc:subfield code="t">[Le Nez d'un Notaire.]</marc:subfield><marc:subfield code="d">pp. viii. 117. London, 1925. 8º.</marc:subfield><marc:subfield code="w">(Uk)MP1.0000008930.3</marc:subfield></marc:datafield><marc:datafield tag="775" ind1="0" ind2=" "><marc:subfield code="t">[Le Nez d'un Notaire.]</marc:subfield><marc:subfield code="d">pp. viii. 90. Macmillan &amp; Co.: London, 1927. 8º.</marc:subfield><marc:subfield code="w">(Uk)MP1.0000008930.4</marc:subfield></marc:datafield><marc:datafield tag="852" ind1="4" ind2="1"><marc:subfield code="a">British Library</marc:subfield><marc:subfield code="b">HMNTS</marc:subfield><marc:subfield code="j">12512.dd.1.</marc:subfield></marc:datafield></marc:record>