
<marc:record><marc:leader>00608cam a22001573  4500</marc:leader>
<marc:controlfield tag="001">000008143</marc:controlfield>
<marc:controlfield tag="003">Uk</marc:controlfield><marc:controlfield tag="005">20110119132300.0</marc:controlfield><marc:controlfield tag="008">870813|1873|||||||    ||     ||| |||||  </marc:controlfield><marc:datafield tag="040" ind1=" " ind2=" "><marc:subfield code="a">Uk</marc:subfield><marc:subfield code="c">Uk</marc:subfield></marc:datafield><marc:datafield tag="100" ind1="1" ind2=" "><marc:subfield code="a">ABOUT, Edmond François Valentin.</marc:subfield></marc:datafield><marc:datafield tag="245" ind1="1" ind2="0"><marc:subfield code="a">[Risette, ou les Millions de la Mansarde, vaudeville en un acte.]</marc:subfield></marc:datafield><marc:datafield tag="250" ind1=" " ind2=" "><marc:subfield code="a">[Another edition.]</marc:subfield></marc:datafield><marc:datafield tag="580" ind1=" " ind2=" "><marc:subfield code="a">In : Chefs-d'Œuvre. Chefs-d'œuvre du théatre moderne. tom. 1. 1873. 8º.</marc:subfield></marc:datafield><marc:datafield tag="787" ind1="0" ind2=" "><marc:subfield code="t">Risette, ou les Millions de la Mansarde, vaudeville en un acte.</marc:subfield><marc:subfield code="d">pp. 39. Paris, 1859. 12º.</marc:subfield><marc:subfield code="w">(Uk)MP1.0000008950</marc:subfield></marc:datafield><marc:datafield tag="852" ind1="4" ind2="1"><marc:subfield code="a">British Library</marc:subfield><marc:subfield code="b">HMNTS</marc:subfield><marc:subfield code="j">11737.i.4.</marc:subfield></marc:datafield></marc:record>