
<marc:record><marc:leader>01123cam a22002293  4500</marc:leader>
<marc:controlfield tag="001">000008144</marc:controlfield>
<marc:controlfield tag="003">Uk</marc:controlfield><marc:controlfield tag="005">20110311165800.0</marc:controlfield><marc:controlfield tag="008">870813|1857|||||||    ||     ||| |||||  </marc:controlfield><marc:datafield tag="040" ind1=" " ind2=" "><marc:subfield code="a">Uk</marc:subfield><marc:subfield code="c">Uk</marc:subfield></marc:datafield><marc:datafield tag="100" ind1="1" ind2=" "><marc:subfield code="a">ABOUT, Edmond François Valentin.</marc:subfield></marc:datafield><marc:datafield tag="245" ind1="1" ind2="0"><marc:subfield code="a">Le Roi des Montagnes.</marc:subfield></marc:datafield><marc:datafield tag="260" ind1=" " ind2=" "><marc:subfield code="a">Paris,</marc:subfield><marc:subfield code="c">1857.</marc:subfield></marc:datafield><marc:datafield tag="300" ind1=" " ind2=" "><marc:subfield code="a">301 p. ;</marc:subfield><marc:subfield code="c">8º.</marc:subfield></marc:datafield><marc:datafield tag="775" ind1="0" ind2=" "><marc:subfield code="t">[Le Roi des Montagnes.]</marc:subfield><marc:subfield code="d">pp. 363. Paris, 1861. 8º.</marc:subfield><marc:subfield code="w">(Uk)MP1.0000008951.1</marc:subfield></marc:datafield><marc:datafield tag="775" ind1="0" ind2=" "><marc:subfield code="t">[Le Roi des Montagnes.]</marc:subfield><marc:subfield code="d">pp. viii. 240. Hachette &amp; Cie: London, 1886. 8º.</marc:subfield><marc:subfield code="w">(Uk)MP1.0000008951.2</marc:subfield></marc:datafield><marc:datafield tag="775" ind1="0" ind2=" "><marc:subfield code="t">[Le Roi des Montagnes.]</marc:subfield><marc:subfield code="d">pp. viii. 277. Hachette &amp; Cie.: London, 1897. 8º.</marc:subfield><marc:subfield code="w">(Uk)MP1.0000008951.3</marc:subfield></marc:datafield><marc:datafield tag="775" ind1="0" ind2=" "><marc:subfield code="t">[Le Roi des Montagnes.]</marc:subfield><marc:subfield code="d">pp. viii. 292. Cambridge, 1897 [1896]. 8º.</marc:subfield><marc:subfield code="w">(Uk)MP1.0000008951.4</marc:subfield></marc:datafield><marc:datafield tag="775" ind1="0" ind2=" "><marc:subfield code="t">[Le Roi des Montagnes.]</marc:subfield><marc:subfield code="d">pp. xii. 268. T. Nelson &amp; Sons: London, 1899. 8º.</marc:subfield><marc:subfield code="w">(Uk)MP1.0000008951.5</marc:subfield></marc:datafield><marc:datafield tag="775" ind1="0" ind2=" "><marc:subfield code="t">[Le Roi des Montagnes.]</marc:subfield><marc:subfield code="d">pp. vi. 122. xxvii. xv. A. &amp; C. Black: London, 1903. 8º.</marc:subfield><marc:subfield code="w">(Uk)MP1.0000008951.6</marc:subfield></marc:datafield><marc:datafield tag="775" ind1="0" ind2=" "><marc:subfield code="t">[Le Roi des Montagnes.]</marc:subfield><marc:subfield code="d">pp. 112. London, 1908. 8º.</marc:subfield><marc:subfield code="w">(Uk)MP1.0000008951.7</marc:subfield></marc:datafield><marc:datafield tag="852" ind1="4" ind2="1"><marc:subfield code="a">British Library</marc:subfield><marc:subfield code="b">HMNTS</marc:subfield><marc:subfield code="j">12206.e.1.(2.)</marc:subfield></marc:datafield></marc:record>