
<marc:record><marc:leader>00662cam a22001813  4500</marc:leader>
<marc:controlfield tag="001">000008160</marc:controlfield>
<marc:controlfield tag="003">Uk</marc:controlfield><marc:controlfield tag="005">20120405161500.0</marc:controlfield><marc:controlfield tag="008">921102|1861|||||||    ||     ||| |||||  </marc:controlfield><marc:datafield tag="040" ind1=" " ind2=" "><marc:subfield code="a">Uk</marc:subfield><marc:subfield code="c">Uk</marc:subfield></marc:datafield><marc:datafield tag="100" ind1="1" ind2=" "><marc:subfield code="a">ABOUT, Edmond François Valentin.</marc:subfield></marc:datafield><marc:datafield tag="240" ind1="1" ind2="0"><marc:subfield code="a">Le Roi des Montagnes.</marc:subfield></marc:datafield><marc:datafield tag="245" ind1="1" ind2="0"><marc:subfield code="a">El Rey de las Montañas ... Traducido por D. Antonio Reniu y Caué. (Las Dos Doncellas, novela compuesta por Miguel de Cervantes Saavedra.).</marc:subfield></marc:datafield><marc:datafield tag="260" ind1=" " ind2=" "><marc:subfield code="a">Madrid ;</marc:subfield><marc:subfield code="a">Barcelona,</marc:subfield><marc:subfield code="c">1861.</marc:subfield></marc:datafield><marc:datafield tag="300" ind1=" " ind2=" "><marc:subfield code="a">328 p. ;</marc:subfield><marc:subfield code="c">8º.</marc:subfield></marc:datafield><marc:datafield tag="700" ind1="1" ind2=" "><marc:subfield code="a">RENIU Y CAUÉ, Antonio.</marc:subfield></marc:datafield><marc:datafield tag="852" ind1="4" ind2="1"><marc:subfield code="a">British Library</marc:subfield><marc:subfield code="b">HMNTS</marc:subfield><marc:subfield code="j">Cerv.419.</marc:subfield></marc:datafield><marc:datafield tag="886" ind1="2" ind2=" "><marc:subfield code="2">blmarc</marc:subfield><marc:subfield code="a">709</marc:subfield><marc:subfield code="b">00</marc:subfield><marc:subfield code="a">RENIU Y CAUÉ</marc:subfield><marc:subfield code="h">Antonio</marc:subfield><marc:subfield code="p">Cerv.419.</marc:subfield><marc:subfield code="x">2733330004</marc:subfield></marc:datafield></marc:record>