
<marc:record><marc:leader>00914cam a22001813  4500</marc:leader>
<marc:controlfield tag="001">000008187</marc:controlfield>
<marc:controlfield tag="003">Uk</marc:controlfield><marc:controlfield tag="005">20110311165800.0</marc:controlfield><marc:controlfield tag="008">870813|1875|||||||    ||     ||| |||||  </marc:controlfield><marc:datafield tag="040" ind1=" " ind2=" "><marc:subfield code="a">Uk</marc:subfield><marc:subfield code="c">Uk</marc:subfield></marc:datafield><marc:datafield tag="100" ind1="1" ind2=" "><marc:subfield code="a">ABOUT, Edmond François Valentin.</marc:subfield></marc:datafield><marc:datafield tag="245" ind1="1" ind2="0"><marc:subfield code="a">Edmond About. [Selections from his writings.] With notes and explanations. Edited by ... P. H. E. Brette ... and G. Masson ... Third edition ... revised.</marc:subfield></marc:datafield><marc:datafield tag="260" ind1=" " ind2=" "><marc:subfield code="a">London,</marc:subfield><marc:subfield code="c">1875.</marc:subfield></marc:datafield><marc:datafield tag="300" ind1=" " ind2=" "><marc:subfield code="a">258 p. ;</marc:subfield><marc:subfield code="c">8º.</marc:subfield></marc:datafield><marc:datafield tag="700" ind1="1" ind2=" "><marc:subfield code="a">BRETTE, Philippe Honoré Ernest.</marc:subfield></marc:datafield><marc:datafield tag="775" ind1="0" ind2=" "><marc:subfield code="t">[Edmond About. [Selections from his writings.] With notes and explanations. Edited by ... P. H. E. Brette ... and G. Masson ... Third edition ... revised.]</marc:subfield><marc:subfield code="d">pp. vi. 260. Hachette &amp; Cie: London, 1893. 8º.</marc:subfield><marc:subfield code="w">(Uk)MP1.0000008981.1</marc:subfield></marc:datafield><marc:datafield tag="852" ind1="4" ind2="1"><marc:subfield code="a">British Library</marc:subfield><marc:subfield code="b">HMNTS</marc:subfield><marc:subfield code="j">12954.de.40.</marc:subfield></marc:datafield><marc:datafield tag="886" ind1="2" ind2=" "><marc:subfield code="2">blmarc</marc:subfield><marc:subfield code="a">709</marc:subfield><marc:subfield code="b">00</marc:subfield><marc:subfield code="a">BRETTE</marc:subfield><marc:subfield code="h">Philippe Honoré Ernest</marc:subfield><marc:subfield code="p">012550.h.7.</marc:subfield><marc:subfield code="x">0421540141</marc:subfield><marc:subfield code="p">12954.de.40.</marc:subfield><marc:subfield code="x">0421540141</marc:subfield></marc:datafield></marc:record>