
<marc:record><marc:leader>00558cam a22001693  4500</marc:leader>
<marc:controlfield tag="001">000008192</marc:controlfield>
<marc:controlfield tag="003">Uk</marc:controlfield><marc:controlfield tag="005">20120222143700.0</marc:controlfield><marc:controlfield tag="008">870813|1860|||||||    ||     ||| |||||  </marc:controlfield><marc:datafield tag="040" ind1=" " ind2=" "><marc:subfield code="a">Uk</marc:subfield><marc:subfield code="c">Uk</marc:subfield></marc:datafield><marc:datafield tag="100" ind1="1" ind2=" "><marc:subfield code="a">ABOUT, Edmund François Valentin,</marc:subfield><marc:subfield code="c">and NAJAC (Émile de)</marc:subfield></marc:datafield><marc:datafield tag="245" ind1="1" ind2="0"><marc:subfield code="a">Le Capitaine Bitterlin. Comédie en un acte en prose.</marc:subfield></marc:datafield><marc:datafield tag="260" ind1=" " ind2=" "><marc:subfield code="a">Paris,</marc:subfield><marc:subfield code="c">1860.</marc:subfield></marc:datafield><marc:datafield tag="300" ind1=" " ind2=" "><marc:subfield code="a">43 p. ;</marc:subfield><marc:subfield code="c">12º.</marc:subfield></marc:datafield><marc:datafield tag="700" ind1="1" ind2=" "><marc:subfield code="a">Najac, Émile de,</marc:subfield><marc:subfield code="d">1828-1889.</marc:subfield></marc:datafield><marc:datafield tag="852" ind1="4" ind2="1"><marc:subfield code="a">British Library</marc:subfield><marc:subfield code="b">HMNTS</marc:subfield><marc:subfield code="j">11739.bb.7.(1.)</marc:subfield></marc:datafield><marc:datafield tag="886" ind1="2" ind2=" "><marc:subfield code="2">blmarc</marc:subfield><marc:subfield code="a">709</marc:subfield><marc:subfield code="b">00</marc:subfield><marc:subfield code="a">NAJAC</marc:subfield><marc:subfield code="h">Émile de</marc:subfield><marc:subfield code="p">11739.bb.7.(1.)</marc:subfield><marc:subfield code="x">2314290127</marc:subfield></marc:datafield></marc:record>