
<marc:record><marc:leader>00788cam a22001813  4500</marc:leader>
<marc:controlfield tag="001">000008243</marc:controlfield>
<marc:controlfield tag="003">Uk</marc:controlfield><marc:controlfield tag="005">20110119132300.0</marc:controlfield><marc:controlfield tag="008">950210|1872|||||||    ||    |||| |||||  </marc:controlfield><marc:datafield tag="040" ind1=" " ind2=" "><marc:subfield code="a">Uk</marc:subfield><marc:subfield code="c">Uk</marc:subfield></marc:datafield><marc:datafield tag="245" ind1="1" ind2="0"><marc:subfield code="a">[Sämmtliche Werke.]</marc:subfield></marc:datafield><marc:datafield tag="250" ind1=" " ind2=" "><marc:subfield code="a">Zweite Lindauer, sorgfältig ... rev. Auflage. Bd. 1-7.</marc:subfield></marc:datafield><marc:datafield tag="260" ind1=" " ind2=" "><marc:subfield code="a">Lindau,</marc:subfield><marc:subfield code="c">1872.</marc:subfield></marc:datafield><marc:datafield tag="300" ind1=" " ind2=" "><marc:subfield code="c">12º.</marc:subfield></marc:datafield><marc:datafield tag="500" ind1=" " ind2=" "><marc:subfield code="a">Besides the above each Band has also a special titlepage as follows: “Judas der Erz-Schelm ... oder eigentlicher Entwurf und Lebens-Beschreibung des Iscariotischen Böswicht.” The date on the wrapper is 1874.</marc:subfield></marc:datafield><marc:datafield tag="720" ind1=" " ind2=" "><marc:subfield code="a">Abraham à Sancta Clara,</marc:subfield><marc:subfield code="d">1644-1709.</marc:subfield><marc:subfield code="e">main entry</marc:subfield></marc:datafield><marc:datafield tag="787" ind1="0" ind2=" "><marc:subfield code="t">Sämmtliche Werke.</marc:subfield><marc:subfield code="d">Bd. 1-13; Bd. 14, pp. 1-76. Passau, 1835-41. 12º.</marc:subfield><marc:subfield code="w">(Uk)MP1.0000009050</marc:subfield></marc:datafield><marc:datafield tag="852" ind1="4" ind2="1"><marc:subfield code="a">British Library</marc:subfield><marc:subfield code="b">HMNTS</marc:subfield><marc:subfield code="j">3706.aaa.4.</marc:subfield></marc:datafield></marc:record>